1690 3094
507 93 541 130 L
582 92 603 129 1
645 93 677 128 B
716 94 747 128 E
787 92 827 130 R
919 91 964 127 Ι.
1078 128 1081 131 ,
1359 83 1389 141 5

72 165 253 221 littore
271 153 495 213 Iacobus
524 151 776 210 Castellio
795 191 810 216 ‚
829 173 939 231 quo
957 169 1209 230 tempore
1226 151 1390 206 vnio-
1444 179 1448 182 ·

73 262 204 300 num
221 234 437 317 piscatus
457 233 706 313 vigebat:
740 230 825 290 sed
843 234 1000 312 paulo
1017 228 1141 309 post
1171 228 1392 290 anetum

74 314 623 381 continuisimbribus
663 313 871 371 flumen
888 315 1044 392 plana
1073 331 1392 390 camporum

73 401 139 463 ad
169 400 277 457 duo
297 393 464 455 ferme
485 394 718 475 passuum
737 395 902 451 millia
917 399 988 452 ita
1003 390 1281 450 inundauit
1297 428 1313 455 ‚
1331 407 1393 450 vt

74 504 194 541 eam
227 501 401 538 arcem
430 499 643 557 quoque
674 492 952 533 euerteret.
995 472 1210 530 Ibidem
1244 471 1393 530 erant

74 555 304 642 quatuor
332 554 501 616 ferme
531 576 618 615 aut
648 563 885 637 quinque
916 559 1128 637 tuguria
1158 552 1394 611 fluuiali-

72 643 172 701 bus
190 645 368 700 cannis
393 645 445 697 &
468 639 776 711 arudinibus
799 641 1011 694 cotexta
1027 675 1044 702 ‚
1065 632 1393 710 vnde(ficuti

74 722 198 805 post
232 721 507 787 dicemus)
527 719 770 778 Didacus
797 722 1073 796 Ocampus
1100 713 1226 773 trib.
1271 714 1386 771 mil.
1411 711 1608 807 Tolum?

75 805 339 864 Toletum
356 801 548 860 vrbem
584 799 916 861 condiderat.
947 803 1062 855 Iam
1079 796 1303 875 Hispani
1319 817 1387 853 o-
1408 780 1626 871 Ξὲυἰὲῗιεο

78 907 265 945 mnem
297 904 414 939 eam
432 903 582 938 oram
613 881 785 960 prope
815 877 1207 939 desolauerant:
1239 883 1292 935 &
1325 900 1386 954 ex
1407 888 1439 925 5·
1465 879 1630 972 ⁰33⁰&ss

74 985 221 1023 tanta
234 962 502 1021 Indorum
522 961 863 1019 multitudine
893 975 1088 1040 quanta
1104 960 1238 1015 olim
1257 976 1387 1022 erat,
1407 945 1484 973 ⁶⁰⁰
1524 945 1606 978 ³⁸⁵²

75 1048 206 1105 nulli
223 1040 392 1100 ferme
407 1061 526 1100 tum
557 1041 957 1122 reperiebantur
972 1042 1161 1120 praete‘r
1191 1060 1391 1118 paucos

72 1130 282 1205 aliquot
311 1130 364 1182 &
394 1146 657 1204 pauperes⁴
678 1124 897 1204 regulos
916 1161 932 1187 ,
951 1118 1143 1202 quibus
1171 1109 1397 1199 Hispani

72 1223 420 1286 pepercerant
436 1243 453 1270 ‚
471 1224 532 1264 vt
549 1210 610 1261 iis
642 1205 705 1262 ad
723 1226 911 1285 operas
927 1200 1035 1260 suas
1066 1223 1171 1282 pro
1187 1204 1399 1259 manci-

73 1294 173 1370 piis
195 1306 489 1347 vterentur.
523 1289 709 1344 Ceteri
727 1289 782 1342 in
797 1283 1107 1346 solitudines
1127 1290 1181 1341 &
1198 1277 1399 1342 deserta

73 1372 194 1427 loca
231 1365 587 1431 concesserant
604 1407 619 1433 ‚
638 1365 850 1431 tantum,
877 1384 938 1425 vt
966 1362 1400 1426 Christianorum

75 1455 193 1528 imp
205 1454 376 1519 etium
395 1447 662 1532 filgerent.
1340 1500 1342 1502 .
1635 1491 1639 1494 .

138 1536 261 1589 SED
287 1529 416 1587 dum
433 1552 537 1588 nos
558 1531 767 1610 aliquot
779 1532 833 1586 in
854 1527 1102 1586 Cumana
1118 1547 1398 1587 moramur
1415 1537 1639 1606 rudicgmu

78 1609 284 1677 die5,eo
302 1617 452 1668 venit
468 1611 651 1673 Indica
667 1612 858 1668 mulier
875 1614 1116 1690 precipui
1135 1613 1244 1666 eius
1260 1630 1394 1688 pro-
1415 1596 1525 1693 ἓξὲξ
1545 1608 1638 1693 ¹s¹²¹e¹{

75 1698 259 1751 uinciae
280 1694 449 1774 reguli
471 1714 623 1757 vxorff.
642 1690 918 1773 quasillum
933 1696 1115 1771 patriis
1134 1685 1394 1750 fluetibus
1407 1707 1511 1759 ties„
1566 1664 1590 1704 P

75 1776 298 1854 plenum
315 1768 490 1832 ferens
510 1796 522 1828 t
560 1792 800 1831 ceterum
817 1794 884 1831 eo
918 1777 1028 1830 oris
1046 1766 1410 1850 corporisque.

77 1854 264 1912 habitu
292 1874 352 1913 vt
366 1873 478 1911 tam
497 1850 806 1913 deformem
825 1876 883 1911 ac
897 1849 1264 1934 prodigiosam
1279 1849 1402 1931 spe-

79 1934 218 2015 cie-'m
235 1957 411 2015 neque
429 1955 552 1993 ante
581 1958 759 2016 neque
774 1933 898 2012 post
916 1956 1034 1991 eam
1051 1936 1198 1991 diem
1215 1927 1403 1990 vidifl'e

80 2038 170 2093 me
187 2038 424 2096 vnquam
441 2023 807 2075 meminerim:
829 2036 1005 2095 neque
1020 2033 1140 2071 tum
1155 2018 1230 2071 rei
1247 2030 1404 2072 no'uae

81 2100 342 2154 miraculo
390 2095 505 2176 stup
514 2092 711 2154 efac'tus
746 2116 864 2153 eam
895 2091 1162 2153 intuendo
1190 2096 1406 2172 explere

85 2180 275 2253 oculos
316 2173 542 2257 possem.
591 2179 686 2234 Illa
716 2194 776 2236 vt
824 2182 973 2235 venit
1004 2214 1020 2240 ‚
1050 2174 1115 2231 ad
1153 2180 1404 2236 *Erreram

81 2254 393 2338 praefthuin
411 2254 651 2339 ingressa,
669 2256 848 2337 posito
867 2263 915 2315 ei
932 2274 1053 2316 ante
1070 2255 1239 2336 pedes
1251 2253 1405 2339 quod

84 2341 329 2398 attulerat
344 2362 570 2397 munere
585 2378 601 2405 ‚
619 2345 775 2397 tacita
807 2345 864 2396 in
879 2335 1093 2396 scamno
1110 2333 1407 2401 affedit‚tali

81 2418 270 2478 habitu
286 2443 344 2479 ac
358 2416 560 2499 specie:
592 2418 832 2500 primum
847 2416 1060 2499 prorsus
1077 2418 1220 2476 nuda
1248 2438 1405 2476 exoc-

83 2506 190 2580 ptis
210 2500 616 2582 pudendi8‚quae
635 2504 813 2560 velare
831 2506 939 2559 eius
957 2504 1248 2581 prouinciae
1266 2519 1412 2557 con-

24 2610 31 2616 ·
83 2579 308 2642 suetudo
326 2578 459 2657 fert:
493 2585 667 2642 vetula
682 2622 698 2648 ‚
717 2588 922 2666 virgata
948 2599 1086 2640 toto
1105 2576 1336 2659 corpore
1351 2596 1421 2646 ac.x

89 2660 302 2743 depifilm
330 2668 491 2746 nigro
508 2704 525 2732 ‚
555 2661 829 2745 promissis
867 2663 933 2722 ad
958 2661 1164 2744 pubem
1191 2660 1433 2740 capillisz.

87 2763 346 2827 praeterea
404 2748 646 2808 auriculis
703 2744 907 2820 infimis
951 2744 1089 2804 adeo
1125 2741 1420 2832 produffis

997 2847 1028 2884 a
1082 2845 1138 2901 ιι]
