1690 3094
324 152 422 216 198
619 167 1092 207 His-r.Novl
1146 168 1403 213 0R1313

324 226 944 310 his,inquanbalimentis
961 236 1183 311 repertis
1198 229 1408 292 strenue
1425 231 1528 294 fam
1537 260 1624 297 em

328 311 641 391 expulimuS.

406 394 463 448 V
485 410 518 448 L
545 410 583 447 T
611 411 641 447 ε
668 409 704 448 R
734 410 755 446 1
779 411 813 446 v
839 410 860 445 s
885 386 1162 471 progressi,
1180 389 1302 471 post
1318 394 1553 453 triduum
1570 403 1627 456 in

320 467 530 528 biuium
547 469 834 530 incidimus
853 491 866 525 :
901 470 1174 550 quumque
1204 471 1556 533 Gubernator
1570 483 1627 536 in

323 571 393 608 eo
423 555 630 608 viarum
664 550 910 609 ‘diuortio
941 549 1159 607 haereret
1203 569 1378 609 vtram
1411 557 1629 637 eligeret

324 628 535 694 dubim,
557 629 753 687 lndum
771 651 938 687 vnum
957 635 1095 692 exiis
1114 653 1251 712 quos
1266 629 1439 691 secum
1459 659 1516 694 ca
1556 643 1628 696 ti-

80 713 172 759 indi
185 719 228 760 in
240 727 306 758 tor
324 732 424 775 uos
443 709 666 773 ducebat
684 715 1003 792 interrogat,
1022 714 1159 768 Vtra
1175 718 1364 770 certius
1380 716 1626 798 reffiusq3

81 774 198 812 metis
213 784 302 812 mo-

81 828 118 871 ti
153 828 301 879 quam*

81 879 172 919 suos
206 893 303 932 pto-

60 930 182 973 ·aedete
207 939 298 977 'ma-

78 987 184 1029 lunt.

324 791 386 847 ad
405 793 476 851 ali,
511 812 634 849 uem
664 790 928 848 Indorum
946 812 1144 872 pagum
1173 787 1348 850 ferret,
1379 799 1430 851 Is
1460 818 1626 875 quum

321 869 372 930 se
400 813 596 930 negire
626 866 968 949 respondisset
987 910 1004 937 ‚
1036 871 1388 931 Gubernator
1405 897 1528 933 eum
1561 878 1626 935 ab

320 950 635 1032 AEthiopicis
650 950 748 1010 suis
768 956 1046 1031 mancipiis
1077 951 1301 1012 abstrahi
1318 953 1383 1011 ad
1412 961 1628 1034 capitale

320 1031 632 1114 supplicium
650 1031 816 1090 iubet.
834 1033 917 1090 Illi
935 1051 1141 1097 eu1n‚vt
1155 1051 1267 1091 erat
1284 1039 1623 1114 imperatum,

317 1115 592 1196 iugulant,
623 1112 854 1172 dicendo
873 1151 890 1177 ,
919 1114 1096 1170 Malos
1125 1112 1374 1176 homines
1402 1113 1544 1176 hunc
1567 1124 1625 1178 in

316 1192 549 1254 modum
565 1196 794 1259 traetari.
827 1198 1017 1275 Qim
1048 1194 1192 1251 idem
1224 1193 1470 1254 aCacico
1500 1220 1624 1278 per-

315 1294 568 1333 contatus
587 1275 708 1332 effet
727 1312 742 1339 ,
763 1271 1069 1353 diic-iffe‘tque
1086 1276 1242 1333 &ille
1259 1274 1306 1333 se
1322 1274 1537 1344 nescire,
1558 1278 1624 1336 ab

315 1353 661 1435 AEthiopibus
707 1358 903 1433 corripi
945 1352 1229 1413 hominem
1261 1395 1278 1422 ‚
1323 1363 1377 1413 &
1409 1360 1622 1418 alterius

317 1439 570 1516 exemplo
601 1433 830 1494 interfici
858 1433 1027 1492 iubet.
1071 1437 1166 1492 Ille
1181 1435 1273 1494 vbi
1291 1458 1384 1494 eos
1402 1440 1624 1499 tendere

313 1517 383 1575 ad
396 1515 446 1575 se
463 1518 631 1583 videt,
648 1515 896 1596 deposito
914 1514 1064 1595 quod
1080 1511 1283 1574 ferebat
1312 1538 1479 1576 onere
1496 1560 1513 1585 ,
1534 1543 1621 1577 ca-

317 1616 414 1679 put
431 1597 663 1656 mirabili
693 1620 814 1655 cum
830 1598 1114 1654 tolerantia
1129 1597 1193 1653 ad
1208 1616 1449 1658 mortem
1467 1603 1624 1659 incli-

313 1697 426 1736 nat.
458 1678 682 1736 Barbari
705 1676 946 1735 hominis
979 1675 1272 1735 constantia
1300 1683 1475 1737 vietus
1494 1682 1622 1741 Gu-

222 1782 224 1784 ·
310 1757 609 1825 bernaton‘
633 1777 857 1840 poenam
886 1754 1011 1815 eise
1052 1763 1326 1817 remittere
1367 1765 1423 1818 &
1453 1765 1621 1820 vitam

313 1840 612 1899 concedere
631 1842 777 1898 dixit.

390 1922 442 1979 E
465 1942 500 1978 o
521 1923 648 1979 loco
682 1938 789 1977 tres
805 1916 1025 1997 Hispani
1043 1914 1182 1976 fame
1199 1919 1334 1978 adeo
1353 1919 1618 1979 debilitati

309 2000 516 2060 vtstare
547 2024 663 2059 non
679 2000 908 2083 possent,
941 2000 1110 2056 reliffi
1128 2030 1150 2063 ‚f
1176 1999 1360 2079 postea
1385 2003 1450 2058 ab
1470 2001 1619 2058 Indis

308 2081 559 2141 trucidati
591 2081 727 2139 sunt.
786 2079 892 2138 Sub
925 2084 1035 2136 eius
1069 2082 1174 2138 diei
1203 2079 1475 2160 vesperam‘
1492 2083 1618 2139 Gu-

309 2162 567 2230 bernator
595 2157 960 2220 animaduerso
989 2160 1150 2218 nobis
1169 2160 1300 2219 nihil
1315 2161 1381 2219 ad
1397 2160 1618 2220 vescen-

311 2243 442 2302 dum
471 2239 725 2322 superesse
756 2282 773 2308 ,
821 2264 986 2322 quum
1018 2264 1207 2304 eorum
1238 2245 1616 2301 alimentorum

311 2346 425 2404 quae
456 2324 563 2403 ipse
596 2325 795 2402 reliqua
821 2320 1042 2380 haberet
1060 2361 1076 2386 ‚
1097 2321 1227 2379 nihil
1245 2329 1490 2402 cuiquam
1507 2329 1617 2381 im-

309 2411 498 2485 pertiti
513 2407 706 2469 vellet,
738 2425 895 2471 canes
923 2405 1143 2460 maftari
1178 2410 1230 2462 &
1267 2407 1408 2461 inter
1423 2425 1618 2463 omnes

313 2484 483 2542 'diuidi
527 2484 695 2542 iubet.
773 2485 923 2563 Ego
963 2500 1148 2540 tamen
1199 2501 1407 2562 partem
1437 2506 1616 2542 meam

311 2568 471 2645 paulo
490 2563 613 2644 post
629 2563 949 2627 alteridedi,
981 2563 1130 2642 quod
1162 2566 1336 2621 exiliis
1370 2563 1616 2622 carnibus

310 2667 526 2704 vermes
556 2641 973 2706 efferuescerent.
1006 2643 1143 2701 Inde
1172 2643 1613 2702 Gubernatorem

310 2727 417 2804 adii
434 2765 451 2794 ‚
467 2723 680 2809 sperans
695 2720 810 2786 fore
827 2726 885 2785 vt
901 2723 1100 2806 aliquid
1116 2723 1181 2783 ab
1197 2746 1266 2785 eo
1284 2724 1611 2785 obtinerem:

1523 2803 1612 2871 sed
