1690 3094
476 111 538 151 ‘L
582 113 603 149 1
651 111 683 148 Β
723 113 755 151 ,Ε
792 111 833 150 R
905 112 954 148 Ι.
1308 113 1397 174 103

73 178 467 243 Gubernatoris
505 175 686 253 culpa,
719 178 810 252 qui
837 190 985 229 tanta
1016 170 1207 233 scelera
1223 181 1392 236 inulta

50 283 230 344 ,atque
247 261 515 338 impunita
533 259 833 311 omitteret.

151 350 179 401 I
198 364 231 400 P
262 363 284 398 s
311 365 344 398 E
376 334 562 418 postea
592 340 722 392 alios
753 334 1035 393 Tribunos
1063 338 1316 414 militares
1336 347 1393 398 &

71 426 231 484 duces
266 444 361 502 pei·
395 412 594 479 diuersa
626 422 737 473 eius
756 438 860 473 orae
877 419 1063 474 littora
1079 411 1390 478 dimisitzin

71 513 135 566 iis
151 503 612 563 Bartholiomaeum
630 496 902 557 Vrtadum
941 505 997 555 in
1014 499 1242 557 Achlam
1264 541 1280 565 ,
1301 509 1395 582 qui

73 581 299 670 egressus
318 590 374 642 in
388 601 586 639 terram
607 617 624 644 ‚
657 601 754 658 per
785 577 1184 638 simulationem
1213 590 1354 661 pacis
1373 622 1392 650 ‚

72 685 445 749 quotcumque
480 660 648 718 Indos
665 656 859 738 ass'equi
887 666 1067 740 potuit
1085 700 1101 727 ‚
1134 669 1307 741 rapuit
1336 672 1393 724 &

75 773 179 832 pro
199 748 479 824 mancipiis
497 741 762 801 vendidit.
812 743 1121 799 Fernandus
1150 744 1395 803 Valefius

74 838 133 889 in
165 827 489 889 Caribanam
524 845 646 880 cum
680 824 968 903 oefcoginta
983 823 1243 880 militibus
1260 848 1396 905 pro-

72 911 244 971 fectus
267 908 357 967 est:
377 905 466 964 sed
488 910 576 964 vix
595 910 649 961 in
666 906 813 961 littus
836 901 1172 961 exscenderat
1190 944 1206 970 ,
1227 928 1396 984 quum

75 1015 197 1052 ecce
214 990 336 1049 Indi
354 988 618 1046 audaciter
632 990 844 1064 ¹impetu
862 991 917 1041 in
940 983 1210 1064 Hispanos
1227 987 1396 1055 faistm

77 1077 467 1155 quinquaginta
486 1061 784 1125 interfectis
801 1105 817 1131 ‚
852 1084 1061 1124 ceteros
1099 1070 1311 1149 regredi
1330 1072 1409 1147 ael,

76 1161 260 1213 nauim
279 1151 477 1212 &inde
495 1147 752 1207 excedere
771 1166 998 1227 cogunt.
1377 1142 1382 1147 ⁸

153 1242 180 1294 I
200 1257 237 1293 ’r
265 1255 303 1291 A
336 1230 604 1312 Hispani,
636 1247 861 1309 propter
895 1228 1164 1288 aduersam
1197 1231 1398 1291 famam

78 1335 238 1398 atque
256 1320 581 1396 opinionem
599 1332 762 1390 quam
781 1309 847 1367 de
863 1305 914 1369 se
930 1311 1026 1391 ipsi
1042 1313 1182 1392 apud
1202 1337 1400 1373 omnes

80 1413 517 1459 commouerant,
535 1410 688 1450 tanto
706 1391 908 1471 vbique
928 1393 1060 1450 odio
1081 1394 1402 1478 flagrabant,

76 1499 138 1539 vt
175 1502 244 1538 ne
268 1499 464 1538 >eorum
494 1473 711 1555 quidem
745 1469 1097 1553 conspefftum
1127 1478 1403 1559 indigenae

78 1557 215 1619 ferre
231 1557 458 1641 possent:
479 1564 532 1616 &
565 1560 818 1634 vtrinque
837 1555 1057 1634 quidem
1075 1597 1093 1623 2
1128 1558 1259 1616 dum
1289 1563 1403 1617 Hi„-

77 1640 223 1723 spani
240 1640 391 1699 Indis
407 1637 716 1696 libertatem
755 1640 961 1716 eripere
993 1637 1209 1700 student
1229 1679 1245 1705 ,
1276 1640 1405 1699 Indi

76 1747 196 1783 eam
215 1728 405 1782 acriter
431 1716 765 1783 defendunt,
802 1718 868 1774 ad
889 1730 1198 1778 'extremam
1231 1724 1406 1803 prope

76 1810 379 1886 perniciem
413 1820 571 1882 atque
604 1805 1045 1860 internecionem
1063 1821 1289 1861 ventum
1309 1802 1404 1862 est.

79 1890 165 1946 Ac
179 1927 196 1953 ‚
215 1905 541 1967 quamquam
558 1887 744 1938 omnis
759 1887 877 1939 eius
897 1877 1069 1940 ferme
1088 1906 1193 1942 orae
1213 1888 1406 1943 accolae

77 1966 327 2026 humanis
360 1962 607 2024 carnibus
636 1959 776 2021 vesci
812 1963 1218 2031 consueuerint,
1248 1989 1310 2023 ex
1341 1972 1406 2024 iis

75 2068 264 2108 tamen
311 2046 561 2106 nonnulli
603 2041 971 2124 Hispanorum
1019 2046 1270 2104 cadauera
1313 2053 1407 2128 qui

83 2134 266 2212 praelio
284 2128 590 2188 occiderant
607 2164 624 2190 ‚
643 2131 831 2183 ceteris
847 2126 1250 2194 mandentibus,
1271 2127 1299 2184 a
1315 2133 1407 2188 tali

87 2212 213 2272 cibo
245 2207 672 2269 abhorrebant3:
702 2211 860 2265 veriti
891 2230 1119 2287 nempe,
1154 2232 1222 2267 ne
1241 2215 1405 2268 etiam

86 2313 206 2352 tum
239 2316 309 2351 eae
339 2311 521 2350 carnes
554 2287 873 2369 corporibus
889 2286 987 2347 suis
1004 2291 1202 2372 aliquid
1222 2291 1407 2351 damni

84 2370 376 2433 adferrent.
409 2427 412 2428 γ
926 2396 930 2399 ’

151 2461 270 2535 Q
288 2477 324 2514 o
354 2477 376 2513 s
407 2477 443 2515 c
468 2475 502 2512 v
529 2476 568 2511 N
596 2475 692 2522 Qy
715 2475 746 2511 E
768 2453 1048 2533 capiebant
1076 2457 1408 2522 viuosnnili-

83 2556 223 2596 tares
240 2535 528 2616 praesertim
545 2535 726 2601 duce8‚
744 2537 1002 2593 reuinffis
1033 2538 1283 2596 manibus
1302 2559 1406 2617 pe—

71 2616 343 2701 dibusque
384 2615 746 2701 proiiciebant
776 2622 834 2676 in
865 2636 1078 2677 terran:
1110 2642 1242 2678 mox
1277 2640 1410 2677 auro

1005 2723 1042 2783 g
1103 2706 1178 2779 iiij
1246 2748 1261 2758 i
