1690 3094
26 35 140 97 quae
159 0 234 69 'ad
262 31 412 69 mare
445 6 767 67 descendens
804 4 1003 64 defossa
1032 11 1337 89 reliquerata

26 99 250 175 Qppe
267 113 435 171 quum
453 86 666 147 mififfet
689 93 779 168 qui
798 92 1060 166 quaere're't
1077 127 1094 154 ‚
1114 111 1342 147 vacuum

20 180 205 237 xlocum
236 188 523 251 repererat.
570 172 657 227 Illi
684 169 733 230 se
763 167 961 226 nescire
993 167 1341 248 responden&

15 245 202 336 'neque
235 259 297 310 iis
327 251 471 310 certe
487 251 732 332 indigere
765 249 959 329 quibus
978 250 1073 330 ipsi
1102 249 1342 309 abunda-

25 355 164 397 rent.
192 334 312 392 »Sed
343 331 695 390 Gubernator
726 328 833 388 hoc
851 328 1105 411 responso
1134 354 1345 413 nequa-

27 438 188 500 quam
206 410 529 494 acquiescere
544 451 562 478 ,
580 418 755 469 immo
772 417 985 492 Vtrique
1000 419 1193 471 minari
1223 434 1344 471 maa·

23 503 172 563 lum,
192 492 475 575 niprorsus
509 493 604 573 ipsr
633 489 1027 552 satisfacerents
1055 498 1245 574 Itaque
1260 500 1346 552 iu-·

25 586 150 640 n'ior
179 576 574 648 (Camachiren
592 573 892 641 vocabant)
925 580 974 647 ei
991 577 1218 653 amplius
1236 576 1347 633 duo

27 662 191 720 millia
208 659 523 715 ducatorum
539 694 556 720 ‚
576 677 776 734 nempe
792 661 903 712 auri
920 656 1102 715 maflizs
1117 695 1133 720 ‚
1151 678 1348 736 quam-

27 763 189 823 quam
208 736 558 821 ignobilioris
573 742 798 800 notae‚in
816 732 1052 794 formam
1070 735 1221 794 suum
1239 776 1256 802 2
1272 743 1347 796 ti-

28 818 655 904 grium,p1sciu1n‚auium
675 856 692 884 ,
711 820 1013 884 &aliorum
1032 820 1346 878 animalium

28 903 324 962 elaboratas
342 900 509 958 dedit.

105 985 166 1042 G
186 1005 219 1041 v
243 1005 274 1040 B
300 1005 331 1040 E
359 1003 395 1041 R
423 1002 462 1040 N
496 1001 530 1036 A
556 1001 593 1038 T
617 1001 694 1037 or
720 980 941 1060 paruam
974 985 1084 1038 auri
1129 987 1343 1063 copiam

25 1083 252 1126 'cernens
268 1085 373 1144 prae
393 1084 452 1121 ea
468 1084 626 1143 quam
645 1058 731 1140 spe
748 1084 806 1119 ac
838 1062 1128 1142 cupiditate
1144 1084 1345 1143 praece-

23 1165 174 1229 perat
190 1183 207 1211 ,
225 1150 507 1227 ingentem
527 1148 717 1224 ignem
734 1145 956 1201 accendi
974 1142 1123 1201 iubet
1137 1183 1156 1210 ‚
1175 1146 1346 1204 addu-

23 1227 226 1308 &oque
243 1234 297 1283 in
317 1222 663 1303 conspectum
682 1223 797 1281 solo
817 1217 1156 1291 Camachire‚
1178 1247 1343 1306 gran-

27 1309 154 1368 dem
173 1306 352 1366 cistam
384 1323 508 1363 ante
525 1305 689 1384 pedes
718 1310 874 1385 poni.
905 1307 1042 1362 Mox
1062 1309 1136 1364 illi
1164 1308 1345 1367 seuere}

26 1394 436 1451 interminatus,
457 1393 512 1444 ni
546 1405 776 1466 quatuor
808 1391 947 1443 intra
982 1389 1095 1444 dies
1124 1407 1346 1458 tantum

24 1478 136 1530 auri
152 1466 384 1529 adferret·
399 1507 417 1534 ,
436 1479 698 1548 quantum
713 1465 876 1525 sexies
903 1470 1191 1547 implendae
1209 1469 1356 1529 cistae‘

24 1545 318 1616 sufficeret,
336 1545 454 1608 fore
482 1563 543 1607 'vt
561 1554 676 1631 igni
707 1567 1065 1607 cremaretur:
1098 1549 1128 1607 ὲ
1146 1549 1347 1610 misero

23 1636 117 1692 illo
148 1634 336 1713 regulo
356 1671 373 1698 ‚
407 1629 602 1689 oblato
626 1627 893 1709 praesentis
942 1636 1138 1688 mortis
1170 1651 1346 1700 metu,

22 1713 341 1796 promiffum
359 1729 660 1792 extorquet.
695 1716 748 1768 Is
765 1733 900 1792 ergo
919 1735 1086 1792 quum
1119 1714 1172 1770 id
1188 1714 1239 1772 se
1266 1711 1349 1772 fa‘-

24 1799 238 1856 &urum
255 1791 530 1875 recepiffet
548 1831 565 1858 ,
583 1791 763 1850 seruos
779 1792 898 1850 suos
916 1794 984 1851 ad
1022 1815 1350 1874 comparan-

23 1877 151 1936 dum
168 1881 403 1956 pretium
422 1875 668 1933 dimittit.
705 1872 969 1944 Ceterum
986 1896 1084 1954 per
1114 1897 1347 1934 omnem

23 1957 237 2016 Indiam
269 1956 540 2039 indigenis
568 1954 651 2032 bis
679 1949 832 2014 te'rve
863 1961 918 2014 in
937 1955 1025 2014 die
1040 1954 1180 2015 ablui
1211 1978 1348 2038 aqua

24 2056 148 2108 mos
167 2035 243 2096 est
263 2060 275 2094 τ
295 2060 458 2118 quem
479 2057 697 2094 morem
715 2058 884 2117 quum
901 2038 1148 2117 quotidie
1164 2036 1345 2098 serua-

25 2129 107 2182 tet
120 2120 362 2202 Regulus
381 2123 618 2198 captiuus
635 2155 652 2183 ‚
673 2112 812 2176 forte
830 2117 1020 2176 accidit
1036 2136 1096 2178 vt
1112 2119 1346 2181 Guber-

25 2185 226 2260 n³atoris
258 2198 480 2259 famulus
497 2238 514 2266 ,
534 2203 616 2257 cui
647 2195 947 2269 deducendi
974 2201 1112 2259 illius
1143 2201 1209 2261 ad
1237 2202 1345 2262 flu·

25 2298 153 2340 men
170 2284 352 2341 locum
371 2303 492 2340 cura
519 2274 866 2341 incumbebitt
879 2317 898 2346 ‚
917 2280 1149 2339 domum
1178 2283 1344 2342 redu·
1364 2332 1367 2334 v

26 2363 174 2421 &tum
192 2385 310 2421 non
324 2361 442 2421 satis
457 2360 604 2419 fideli
622 2359 856 2419 custodia
884 2363 1203 2423 includeret.
1237 2370 1342 2423 ita-

7 2453 129 2525 ·que
143 2445 310 2502 nootu
327 2463 441 2525 quae
464 2465 598 2507 ¹eum
619 2442 764 2500 diem
783 2440 998 2523 sequuta
1035 2441 1111 2502 est
1142 2445 1336 2518 euadit.

26 2526 172 2587 Hinc
192 2525 555 2586 Gubernator
571 2522 788 2584 doloris>
808 2521 1155 2617 vehementiq-
1182 2532 1341 2610 aegri·

1033 2625 1073 2664 1¹
1129 2626 1149 2682 ³

1416 985 1600 1054 Auaritia*

1376 1053 1562 1109 inexple-
