<?xml version="1.0" encoding="UTF-8"?>
<!DOCTYPE html PUBLIC "-//W3C//DTD XHTML 1.0 Transitional//EN"
    "http://www.w3.org/TR/xhtml1/DTD/xhtml1-transitional.dtd">
<html xmlns="http://www.w3.org/1999/xhtml" xml:lang="en" lang="en">
 <head>
  <title>
</title>
<meta http-equiv="Content-Type" content="text/html;charset=utf-8" />
  <meta name='ocr-system' content='tesseract 3.04.00' />
  <meta name='ocr-capabilities' content='ocr_page ocr_carea ocr_par ocr_line ocrx_word'/>
</head>
<body>
  <div class='ocr_page' id='page_1' title='image "./novaenoviorbishi00benz/novaenoviorbishi00benz_0089.png"; bbox 0 0 1690 3094; ppageno 0'>
   <div class='ocr_carea' id='block_1_1' title="bbox 19 55 1597 2704">
    <p class='ocr_par' dir='ltr' id='par_1_1' title="bbox 19 55 1597 2704">
     <span class='ocr_line' id='line_1_1' title="bbox 426 55 1351 111; baseline -0.011 -12"><span class='ocrx_word' id='word_1_1' title='bbox 426 61 461 98; x_wconf 84' lang='lat' dir='ltr'>L</span> <span class='ocrx_word' id='word_1_2' title='bbox 504 60 526 98; x_wconf 91' lang='lat'>1</span> <span class='ocrx_word' id='word_1_3' title='bbox 567 60 599 96; x_wconf 83' lang='lat' dir='ltr'>B</span> <span class='ocrx_word' id='word_1_4' title='bbox 639 59 671 95; x_wconf 77' lang='lat' dir='ltr'>E</span> <span class='ocrx_word' id='word_1_5' title='bbox 710 57 751 96; x_wconf 80' lang='lat' dir='ltr'>R</span> <span class='ocrx_word' id='word_1_6' title='bbox 823 56 871 94; x_wconf 91' lang='lat'>1.</span> <span class='ocrx_word' id='word_1_7' title='bbox 1316 55 1351 111; x_wconf 84' lang='lat'>9</span> 
     </span>
     <span class='ocr_line' id='line_1_2' title="bbox 28 57 1354 206; baseline -0.008 -21"><span class='ocrx_word' id='word_1_8' title='bbox 28 141 86 185; x_wconf 79' lang='lat' dir='ltr'>ac</span> <span class='ocrx_word' id='word_1_9' title='bbox 102 125 375 206; x_wconf 86' lang='lat' dir='ltr'>Reginam</span> <span class='ocrx_word' id='word_1_10' title='bbox 392 119 564 180; x_wconf 80' lang='lat' dir='ltr'>affecit</span> <span class='ocrx_word' id='word_1_11' title='bbox 582 159 598 185; x_wconf 84' lang='lat'>,</span> <span class='ocrx_word' id='word_1_12' title='bbox 630 140 796 198; x_wconf 89' lang='lat' dir='ltr'>quum</span> <span class='ocrx_word' id='word_1_13' title='bbox 814 137 897 174; x_wconf 88' lang='lat' dir='ltr'>res</span> <span class='ocrx_word' id='word_1_14' title='bbox 930 57 1354 195; x_wconf 74' lang='lat' dir='ltr'>Hispaniolae4a-</span> 
     </span>
     <span class='ocr_line' id='line_1_3' title="bbox 28 195 1356 265; baseline -0.008 0"><span class='ocrx_word' id='word_1_15' title='bbox 28 207 134 265; x_wconf 83' lang='lat' dir='ltr'>deo</span> <span class='ocrx_word' id='word_1_16' title='bbox 150 204 386 262; x_wconf 80' lang='lat' dir='ltr'>turbatas</span> <span class='ocrx_word' id='word_1_17' title='bbox 405 210 459 261; x_wconf 87' lang='lat'>&amp;</span> <span class='ocrx_word' id='word_1_18' title='bbox 490 202 684 259; x_wconf 70' lang='lat' dir='ltr'>miserti</span> <span class='ocrx_word' id='word_1_19' title='bbox 717 197 892 257; x_wconf 82' lang='lat' dir='ltr'>insulae</span> <span class='ocrx_word' id='word_1_20' title='bbox 922 195 1116 255; x_wconf 87' lang='lat' dir='ltr'>statum</span> <span class='ocrx_word' id='word_1_21' title='bbox 1149 200 1356 257; x_wconf 86' lang='lat' dir='ltr'>intelli.-</span> 
     </span>
     <span class='ocr_line' id='line_1_4' title="bbox 26 278 1352 370; baseline -0.005 -25"><span class='ocrx_word' id='word_1_22' title='bbox 26 303 233 370; x_wconf 85' lang='lat' dir='ltr'>gerent.</span> <span class='ocrx_word' id='word_1_23' title='bbox 284 289 401 340; x_wconf 86' lang='lat' dir='ltr'>Iam</span> <span class='ocrx_word' id='word_1_24' title='bbox 436 289 490 340; x_wconf 89' lang='lat' dir='ltr'>in</span> <span class='ocrx_word' id='word_1_25' title='bbox 509 284 647 340; x_wconf 85' lang='lat' dir='ltr'>Aula</span> <span class='ocrx_word' id='word_1_26' title='bbox 668 278 860 360; x_wconf 82' lang='lat' dir='ltr'>sparsus</span> <span class='ocrx_word' id='word_1_27' title='bbox 879 301 1068 336; x_wconf 88' lang='lat' dir='ltr'>rumor</span> <span class='ocrx_word' id='word_1_28' title='bbox 1085 286 1192 336; x_wconf 80' lang='lat' dir='ltr'>auri</span> <span class='ocrx_word' id='word_1_29' title='bbox 1211 285 1352 338; x_wconf 86' lang='lat' dir='ltr'>inter</span> 
     </span>
     <span class='ocr_line' id='line_1_5' title="bbox 27 366 1353 445; baseline -0.005 -20"><span class='ocrx_word' id='word_1_30' title='bbox 27 367 239 425; x_wconf 69' lang='lat' dir='ltr'>nobiies</span> <span class='ocrx_word' id='word_1_31' title='bbox 279 372 333 424; x_wconf 87' lang='lat'>&amp;</span> <span class='ocrx_word' id='word_1_32' title='bbox 353 366 578 445; x_wconf 76' lang='lat' dir='ltr'>vulgatae</span> <span class='ocrx_word' id='word_1_33' title='bbox 611 385 744 443; x_wconf 84' lang='lat' dir='ltr'>opes</span> <span class='ocrx_word' id='word_1_34' title='bbox 777 383 904 441; x_wconf 80' lang='lat' dir='ltr'>quas</span> <span class='ocrx_word' id='word_1_35' title='bbox 947 366 1162 442; x_wconf 78' lang='lat' dir='ltr'>ingenti</span> <span class='ocrx_word' id='word_1_36' title='bbox 1195 367 1353 440; x_wconf 79' lang='lat' dir='ltr'>copia</span> 
     </span>
     <span class='ocr_line' id='line_1_6' title="bbox 26 440 1350 526; baseline -0.005 -19"><span class='ocrx_word' id='word_1_37' title='bbox 26 449 251 508; x_wconf 80' lang='lat' dir='ltr'>flumina</span> <span class='ocrx_word' id='word_1_38' title='bbox 266 443 370 526; x_wconf 87' lang='lat' dir='ltr'>ipsa</span> <span class='ocrx_word' id='word_1_39' title='bbox 387 446 533 503; x_wconf 74' lang='lat' dir='ltr'>vltro</span> <span class='ocrx_word' id='word_1_40' title='bbox 550 440 840 502; x_wconf 88' lang='lat' dir='ltr'>funderent</span> <span class='ocrx_word' id='word_1_41' title='bbox 859 481 874 507; x_wconf 87' lang='lat'>‚</span> <span class='ocrx_word' id='word_1_42' title='bbox 898 463 1094 499; x_wconf 89' lang='lat' dir='ltr'>omnes</span> <span class='ocrx_word' id='word_1_43' title='bbox 1125 448 1350 508; x_wconf 80' lang='lat' dir='ltr'>auaritia</span> 
     </span>
     <span class='ocr_line' id='line_1_7' title="bbox 27 521 1354 603; baseline -0.005 -14"><span class='ocrx_word' id='word_1_44' title='bbox 27 530 399 590; x_wconf 83' lang='lat' dir='ltr'>incenderant.</span> <span class='ocrx_word' id='word_1_45' title='bbox 442 530 636 585; x_wconf 89' lang='lat' dir='ltr'>Nemo</span> <span class='ocrx_word' id='word_1_46' title='bbox 673 543 783 583; x_wconf 80' lang='lat' dir='ltr'>erat</span> <span class='ocrx_word' id='word_1_47' title='bbox 818 547 881 582; x_wconf 82' lang='lat' dir='ltr'>ex</span> <span class='ocrx_word' id='word_1_48' title='bbox 900 521 1023 602; x_wconf 82' lang='lat' dir='ltr'>ipsis</span> <span class='ocrx_word' id='word_1_49' title='bbox 1042 529 1170 603; x_wconf 86' lang='lat' dir='ltr'>quin</span> <span class='ocrx_word' id='word_1_50' title='bbox 1188 525 1354 582; x_wconf 80' lang='lat' dir='ltr'>talem</span> 
     </span>
     <span class='ocr_line' id='line_1_8' title="bbox 33 601 1356 684; baseline -0.004 -16"><span class='ocrx_word' id='word_1_51' title='bbox 33 606 411 669; x_wconf 68' lang='lat' dir='ltr'>Praefe&amp;urain</span> <span class='ocrx_word' id='word_1_52' title='bbox 444 607 700 665; x_wconf 83' lang='lat' dir='ltr'>obtinere</span> <span class='ocrx_word' id='word_1_53' title='bbox 736 601 1100 663; x_wconf 74' lang='lat' dir='ltr'>ardentissime</span> <span class='ocrx_word' id='word_1_54' title='bbox 1128 624 1356 684; x_wconf 86' lang='lat' dir='ltr'>appete-</span> 
     </span>
     <span class='ocr_line' id='line_1_9' title="bbox 25 685 1357 766; baseline -0.005 -16"><span class='ocrx_word' id='word_1_55' title='bbox 25 709 107 750; x_wconf 82' lang='lat' dir='ltr'>ret</span> <span class='ocrx_word' id='word_1_56' title='bbox 126 714 138 747; x_wconf 92' lang='lat'>:</span> <span class='ocrx_word' id='word_1_57' title='bbox 158 696 369 749; x_wconf 87' lang='lat' dir='ltr'>nemini</span> <span class='ocrx_word' id='word_1_58' title='bbox 383 708 569 746; x_wconf 86' lang='lat' dir='ltr'>tamen</span> <span class='ocrx_word' id='word_1_59' title='bbox 601 689 666 746; x_wconf 78' lang='lat' dir='ltr'>ad</span> <span class='ocrx_word' id='word_1_60' title='bbox 695 687 751 746; x_wconf 90' lang='lat' dir='ltr'>id</span> <span class='ocrx_word' id='word_1_61' title='bbox 781 685 1080 766; x_wconf 85' lang='lat' dir='ltr'>petendum</span> <span class='ocrx_word' id='word_1_62' title='bbox 1113 689 1229 743; x_wconf 84' lang='lat' dir='ltr'>satis</span> <span class='ocrx_word' id='word_1_63' title='bbox 1263 708 1357 744; x_wconf 86' lang='lat' dir='ltr'>au-</span> 
     </span>
     <span class='ocr_line' id='line_1_10' title="bbox 27 770 1353 850; baseline -0.004 -19"><span class='ocrx_word' id='word_1_64' title='bbox 27 773 222 832; x_wconf 83' lang='lat' dir='ltr'>dentiae</span> <span class='ocrx_word' id='word_1_65' title='bbox 256 790 366 830; x_wconf 81' lang='lat' dir='ltr'>erat</span> <span class='ocrx_word' id='word_1_66' title='bbox 382 810 398 836; x_wconf 88' lang='lat'>‚</span> <span class='ocrx_word' id='word_1_67' title='bbox 445 789 672 849; x_wconf 82' lang='lat' dir='ltr'>propter</span> <span class='ocrx_word' id='word_1_68' title='bbox 706 775 995 850; x_wconf 74' lang='lat' dir='ltr'>ingentem·</span> <span class='ocrx_word' id='word_1_69' title='bbox 1023 770 1353 846; x_wconf 86' lang='lat' dir='ltr'>opinionem</span> 
     </span>
     <span class='ocr_line' id='line_1_11' title="bbox 25 847 1350 936; baseline -0.002 -26"><span class='ocrx_word' id='word_1_70' title='bbox 25 871 188 936; x_wconf 87' lang='lat' dir='ltr'>quam</span> <span class='ocrx_word' id='word_1_71' title='bbox 206 853 272 911; x_wconf 89' lang='lat' dir='ltr'>de</span> <span class='ocrx_word' id='word_1_72' title='bbox 289 855 592 910; x_wconf 84' lang='lat' dir='ltr'>Almirante</span> <span class='ocrx_word' id='word_1_73' title='bbox 611 853 732 908; x_wconf 81' lang='lat' dir='ltr'>Rex</span> <span class='ocrx_word' id='word_1_74' title='bbox 751 857 804 908; x_wconf 68' lang='grc' dir='ltr'>δε</span> <span class='ocrx_word' id='word_1_75' title='bbox 822 852 1041 930; x_wconf 86' lang='lat' dir='ltr'>Regina</span> <span class='ocrx_word' id='word_1_76' title='bbox 1055 847 1350 907; x_wconf 74' lang='lat' dir='ltr'>habebant.</span> 
     </span>
     <span class='ocr_line' id='line_1_12' title="bbox 24 927 1349 1016; baseline -0.006 -21"><span class='ocrx_word' id='word_1_77' title='bbox 24 941 214 1016; x_wconf 81' lang='lat' dir='ltr'>Itaque</span> <span class='ocrx_word' id='word_1_78' title='bbox 235 938 329 992; x_wconf 84' lang='lat' dir='ltr'>alia</span> <span class='ocrx_word' id='word_1_79' title='bbox 343 939 429 993; x_wconf 79' lang='lat' dir='ltr'>via</span> <span class='ocrx_word' id='word_1_80' title='bbox 445 930 730 1014; x_wconf 80' lang='lat' dir='ltr'>graffari‚&amp;</span> <span class='ocrx_word' id='word_1_81' title='bbox 751 947 934 1009; x_wconf 81' lang='lat' dir='ltr'>optata</span> <span class='ocrx_word' id='word_1_82' title='bbox 949 929 1013 986; x_wconf 84' lang='lat' dir='ltr'>ad</span> <span class='ocrx_word' id='word_1_83' title='bbox 1033 951 1157 986; x_wconf 87' lang='lat' dir='ltr'>eum</span> <span class='ocrx_word' id='word_1_84' title='bbox 1175 927 1349 988; x_wconf 84' lang='lat' dir='ltr'>finem</span> 
     </span>
     <span class='ocr_line' id='line_1_13' title="bbox 29 1010 1535 1093; baseline -0.004 -18"><span class='ocrx_word' id='word_1_85' title='bbox 29 1023 112 1075; x_wconf 87' lang='lat' dir='ltr'>cui</span> <span class='ocrx_word' id='word_1_86' title='bbox 130 1015 426 1079; x_wconf 77' lang='lat' dir='ltr'>inhiabant,</span> <span class='ocrx_word' id='word_1_87' title='bbox 444 1013 740 1093; x_wconf 81' lang='lat' dir='ltr'>perducere</span> <span class='ocrx_word' id='word_1_88' title='bbox 757 1010 1059 1069; x_wconf 86' lang='lat' dir='ltr'>instituunt.</span> <span class='ocrx_word' id='word_1_89' title='bbox 1093 1012 1247 1093; x_wconf 84' lang='lat' dir='ltr'>Ergo</span> <span class='ocrx_word' id='word_1_90' title='bbox 1266 1010 1350 1069; x_wconf 85' lang='lat' dir='ltr'>isti</span> <span class='ocrx_word' id='word_1_91' title='bbox 1415 1071 1423 1082; x_wconf 63' lang='lat'>‚</span> <span class='ocrx_word' id='word_1_92' title='bbox 1523 1073 1535 1085; x_wconf 60' lang='lat'>‚</span> 
     </span>
     <span class='ocr_line' id='line_1_14' title="bbox 27 1070 1540 1177; baseline -0.006 -20"><span class='ocrx_word' id='word_1_93' title='bbox 27 1097 265 1157; x_wconf 86' lang='lat' dir='ltr'>Nobiles</span> <span class='ocrx_word' id='word_1_94' title='bbox 282 1118 377 1177; x_wconf 85' lang='lat' dir='ltr'>per</span> <span class='ocrx_word' id='word_1_95' title='bbox 393 1096 826 1153; x_wconf 86' lang='lat' dir='ltr'>omnemAulam</span> <span class='ocrx_word' id='word_1_96' title='bbox 841 1091 1093 1174; x_wconf 82' lang='lat' dir='ltr'>spargunt</span> <span class='ocrx_word' id='word_1_97' title='bbox 1111 1085 1350 1150; x_wconf 68' lang='lat' dir='ltr'>Colum?-</span> <span class='ocrx_word' id='word_1_98' title='bbox 1372 1070 1540 1169; x_wconf 53' lang='lat' dir='ltr'>ffgffissss</span> 
     </span>
     <span class='ocr_line' id='line_1_15' title="bbox 27 1173 1583 1255; baseline -0.003 -18"><span class='ocrx_word' id='word_1_99' title='bbox 27 1176 160 1237; x_wconf 88' lang='lat' dir='ltr'>bum</span> <span class='ocrx_word' id='word_1_100' title='bbox 179 1185 233 1237; x_wconf 86' lang='lat'>&amp;</span> <span class='ocrx_word' id='word_1_101' title='bbox 256 1185 364 1236; x_wconf 84' lang='lat' dir='ltr'>eius</span> <span class='ocrx_word' id='word_1_102' title='bbox 383 1173 603 1234; x_wconf 85' lang='lat' dir='ltr'>fratrem</span> <span class='ocrx_word' id='word_1_103' title='bbox 626 1214 642 1242; x_wconf 88' lang='lat'>‚</span> <span class='ocrx_word' id='word_1_104' title='bbox 677 1181 784 1233; x_wconf 87' lang='lat' dir='ltr'>iam</span> <span class='ocrx_word' id='word_1_105' title='bbox 813 1180 977 1254; x_wconf 86' lang='lat' dir='ltr'>partis</span> <span class='ocrx_word' id='word_1_106' title='bbox 1009 1173 1204 1253; x_wconf 85' lang='lat' dir='ltr'>opibus</span> <span class='ocrx_word' id='word_1_107' title='bbox 1234 1197 1348 1255; x_wconf 89' lang='lat' dir='ltr'>quae</span> <span class='ocrx_word' id='word_1_108' title='bbox 1374 1183 1583 1252; x_wconf 41' lang='lat' dir='ltr'>5501&amp;pr</span> 
     </span>
     <span class='ocr_line' id='line_1_16' title="bbox 23 1237 1595 1340; baseline -0.003 -23"><span class='ocrx_word' id='word_1_109' title='bbox 23 1265 295 1340; x_wconf 82' lang='lat' dir='ltr'>priuatum</span> <span class='ocrx_word' id='word_1_110' title='bbox 317 1256 546 1316; x_wconf 88' lang='lat' dir='ltr'>modum</span> <span class='ocrx_word' id='word_1_111' title='bbox 565 1256 907 1321; x_wconf 82' lang='lat' dir='ltr'>excederent,</span> <span class='ocrx_word' id='word_1_112' title='bbox 920 1253 1115 1333; x_wconf 85' lang='lat' dir='ltr'>Insulas</span> <span class='ocrx_word' id='word_1_113' title='bbox 1132 1254 1350 1337; x_wconf 84' lang='lat' dir='ltr'>vsurpa-</span> <span class='ocrx_word' id='word_1_114' title='bbox 1372 1237 1595 1338; x_wconf 51' lang='grc' dir='ltr'>ᾙῙζάξζῇζ</span> 
     </span>
     <span class='ocr_line' id='line_1_17' title="bbox 23 1341 1592 1419; baseline -0.003 -20"><span class='ocrx_word' id='word_1_115' title='bbox 23 1362 81 1399; x_wconf 90' lang='lat' dir='ltr'>re</span> <span class='ocrx_word' id='word_1_116' title='bbox 98 1343 494 1419; x_wconf 82' lang='lat' dir='ltr'>velle,&amp;nuper</span> <span class='ocrx_word' id='word_1_117' title='bbox 509 1356 733 1418; x_wconf 69' lang='lat' dir='ltr'>repertae</span> <span class='ocrx_word' id='word_1_118' title='bbox 752 1357 858 1395; x_wconf 83' lang='lat' dir='ltr'>orae</span> <span class='ocrx_word' id='word_1_119' title='bbox 878 1341 1059 1394; x_wconf 88' lang='lat' dir='ltr'>omnis</span> <span class='ocrx_word' id='word_1_120' title='bbox 1076 1343 1349 1418; x_wconf 83' lang='lat' dir='ltr'>principa·</span> <span class='ocrx_word' id='word_1_121' title='bbox 1372 1350 1539 1398; x_wconf 80' lang='lat' dir='ltr'>virtute.</span> <span class='ocrx_word' id='word_1_122' title='bbox 1587 1405 1592 1409; x_wconf 24' lang='lat'>¹</span> 
     </span>
     <span class='ocr_line' id='line_1_18' title="bbox 23 1400 1597 1503; baseline -0.001 -24"><span class='ocrx_word' id='word_1_123' title='bbox 23 1439 145 1479; x_wconf 87' lang='lat' dir='ltr'>tum</span> <span class='ocrx_word' id='word_1_124' title='bbox 162 1422 432 1480; x_wconf 88' lang='lat' dir='ltr'>inuadere.</span> <span class='ocrx_word' id='word_1_125' title='bbox 450 1420 511 1478; x_wconf 92' lang='lat' dir='ltr'>Id</span> <span class='ocrx_word' id='word_1_126' title='bbox 521 1416 628 1500; x_wconf 73' lang='lat' dir='ltr'>c&#39;lu&#39;e</span> <span class='ocrx_word' id='word_1_127' title='bbox 644 1438 761 1477; x_wconf 85' lang='lat' dir='ltr'>non</span> <span class='ocrx_word' id='word_1_128' title='bbox 777 1416 1011 1477; x_wconf 86' lang='lat' dir='ltr'>obscuris</span> <span class='ocrx_word' id='word_1_129' title='bbox 1029 1441 1247 1478; x_wconf 88' lang='lat' dir='ltr'>manare</span> <span class='ocrx_word' id='word_1_130' title='bbox 1263 1426 1351 1479; x_wconf 92' lang='lat' dir='ltr'>in-</span> <span class='ocrx_word' id='word_1_131' title='bbox 1374 1400 1597 1503; x_wconf 51' lang='grc' dir='ltr'>Ξᾟζέξὲὶξ</span> 
     </span>
     <span class='ocr_line' id='line_1_19' title="bbox 26 1501 1597 1585; baseline -0.002 -24"><span class='ocrx_word' id='word_1_132' title='bbox 26 1502 177 1562; x_wconf 82' lang='lat' dir='ltr'>diciis</span> <span class='ocrx_word' id='word_1_133' title='bbox 194 1541 210 1568; x_wconf 86' lang='lat'>‚</span> <span class='ocrx_word' id='word_1_134' title='bbox 243 1520 506 1585; x_wconf 88' lang='lat' dir='ltr'>quantum</span> <span class='ocrx_word' id='word_1_135' title='bbox 525 1525 586 1559; x_wconf 83' lang='lat' dir='ltr'>ex</span> <span class='ocrx_word' id='word_1_136' title='bbox 619 1503 919 1558; x_wconf 82' lang='lat' dir='ltr'>multorum</span> <span class='ocrx_word' id='word_1_137' title='bbox 957 1507 1012 1559; x_wconf 86' lang='lat'>&amp;</span> <span class='ocrx_word' id='word_1_138' title='bbox 1047 1501 1268 1580; x_wconf 88' lang='lat' dir='ltr'>quidem</span> <span class='ocrx_word' id='word_1_139' title='bbox 1294 1501 1348 1560; x_wconf 89' lang='lat' dir='ltr'>di</span> <span class='ocrx_word' id='word_1_140' title='bbox 1370 1514 1415 1552; x_wconf 85' lang='lat' dir='ltr'>in</span> <span class='ocrx_word' id='word_1_141' title='bbox 1435 1505 1597 1568; x_wconf 55' lang='lat' dir='ltr'>esigtasss</span> 
     </span>
     <span class='ocr_line' id='line_1_20' title="bbox 24 1569 1522 1667; baseline -0.001 -25"><span class='ocrx_word' id='word_1_142' title='bbox 24 1606 264 1667; x_wconf 84' lang='lat' dir='ltr'>gnorum</span> <span class='ocrx_word' id='word_1_143' title='bbox 283 1583 391 1642; x_wconf 85' lang='lat' dir='ltr'>fide</span> <span class='ocrx_word' id='word_1_144' title='bbox 421 1582 711 1641; x_wconf 89' lang='lat' dir='ltr'>hominum</span> <span class='ocrx_word' id='word_1_145' title='bbox 744 1584 909 1640; x_wconf 87' lang='lat' dir='ltr'>literis</span> <span class='ocrx_word' id='word_1_146' title='bbox 928 1583 1112 1664; x_wconf 86' lang='lat' dir='ltr'>colligi</span> <span class='ocrx_word' id='word_1_147' title='bbox 1145 1581 1350 1662; x_wconf 81' lang='lat' dir='ltr'>poffet:</span> <span class='ocrx_word' id='word_1_148' title='bbox 1372 1569 1522 1612; x_wconf 69' lang='lat' dir='ltr'>sanum</span> 
     </span>
     <span class='ocr_line' id='line_1_21' title="bbox 21 1659 1410 1745; baseline 0 -22"><span class='ocrx_word' id='word_1_149' title='bbox 21 1681 141 1724; x_wconf 88' lang='lat' dir='ltr'>tum</span> <span class='ocrx_word' id='word_1_150' title='bbox 159 1666 411 1725; x_wconf 89' lang='lat' dir='ltr'>videlicet</span> <span class='ocrx_word' id='word_1_151' title='bbox 429 1687 491 1724; x_wconf 81' lang='lat' dir='ltr'>ex</span> <span class='ocrx_word' id='word_1_152' title='bbox 508 1663 614 1745; x_wconf 83' lang='lat' dir='ltr'>ipsa</span> <span class='ocrx_word' id='word_1_153' title='bbox 629 1669 740 1722; x_wconf 89' lang='lat' dir='ltr'>auri</span> <span class='ocrx_word' id='word_1_154' title='bbox 773 1659 1072 1734; x_wconf 87' lang='lat' dir='ltr'>effodiendi</span> <span class='ocrx_word' id='word_1_155' title='bbox 1102 1671 1314 1723; x_wconf 86' lang='lat' dir='ltr'>ratione</span> <span class='ocrx_word' id='word_1_156' title='bbox 1327 1704 1348 1732; x_wconf 87' lang='lat'>‚</span> <span class='ocrx_word' id='word_1_157' title='bbox 1407 1690 1410 1691; x_wconf 43' lang='lat'><em>⁷</em></span> 
     </span>
     <span class='ocr_line' id='line_1_22' title="bbox 21 1742 1351 1827; baseline 0.001 -22"><span class='ocrx_word' id='word_1_158' title='bbox 21 1762 139 1805; x_wconf 90' lang='lat' dir='ltr'>tum</span> <span class='ocrx_word' id='word_1_159' title='bbox 158 1747 308 1827; x_wconf 76' lang='lat' dir='ltr'>quod</span> <span class='ocrx_word' id='word_1_160' title='bbox 327 1769 389 1804; x_wconf 87' lang='lat' dir='ltr'>ex</span> <span class='ocrx_word' id='word_1_161' title='bbox 408 1770 476 1805; x_wconf 91' lang='lat' dir='ltr'>eo</span> <span class='ocrx_word' id='word_1_162' title='bbox 497 1749 779 1826; x_wconf 84' lang='lat' dir='ltr'>pauculum</span> <span class='ocrx_word' id='word_1_163' title='bbox 799 1750 853 1802; x_wconf 89' lang='lat' dir='ltr'>in</span> <span class='ocrx_word' id='word_1_164' title='bbox 870 1742 1191 1825; x_wconf 78' lang='lat' dir='ltr'>Hispaniam</span> <span class='ocrx_word' id='word_1_165' title='bbox 1212 1752 1351 1806; x_wconf 72' lang='lat' dir='ltr'>mit--</span> 
     </span>
     <span class='ocr_line' id='line_1_23' title="bbox 19 1824 1354 1909; baseline 0.001 -23"><span class='ocrx_word' id='word_1_166' title='bbox 19 1845 214 1888; x_wconf 88' lang='lat' dir='ltr'>terent.</span> <span class='ocrx_word' id='word_1_167' title='bbox 234 1827 459 1893; x_wconf 58' lang='lat' dir='ltr'>Adime,</span> <span class='ocrx_word' id='word_1_168' title='bbox 479 1827 628 1908; x_wconf 90' lang='lat' dir='ltr'>quod</span> <span class='ocrx_word' id='word_1_169' title='bbox 653 1827 830 1885; x_wconf 74' lang='lat' dir='ltr'>multo</span> <span class='ocrx_word' id='word_1_170' title='bbox 847 1833 998 1907; x_wconf 82' lang='lat' dir='ltr'>peius</span> <span class='ocrx_word' id='word_1_171' title='bbox 1016 1824 1163 1894; x_wconf 74' lang='lat' dir='ltr'>effer,</span> <span class='ocrx_word' id='word_1_172' title='bbox 1181 1850 1354 1909; x_wconf 87' lang='lat' dir='ltr'>quum</span> 
     </span>
     <span class='ocr_line' id='line_1_24' title="bbox 19 1905 1354 1991; baseline 0 -22"><span class='ocrx_word' id='word_1_173' title='bbox 19 1909 295 1990; x_wconf 85' lang='lat' dir='ltr'>Hispanos</span> <span class='ocrx_word' id='word_1_174' title='bbox 337 1911 595 1989; x_wconf 87' lang='lat' dir='ltr'>paulatim</span> <span class='ocrx_word' id='word_1_175' title='bbox 626 1905 864 1991; x_wconf 83' lang='lat' dir='ltr'>specioso</span> <span class='ocrx_word' id='word_1_176' title='bbox 896 1926 1154 1988; x_wconf 81' lang='lat' dir='ltr'>praetextu</span> <span class='ocrx_word' id='word_1_177' title='bbox 1187 1912 1354 1969; x_wconf 85' lang='lat' dir='ltr'>alium</span> 
     </span>
     <span class='ocr_line' id='line_1_25' title="bbox 21 1985 1350 2071; baseline 0.002 -23"><span class='ocrx_word' id='word_1_178' title='bbox 21 1992 116 2048; x_wconf 85' lang='lat' dir='ltr'>alia</span> <span class='ocrx_word' id='word_1_179' title='bbox 135 1991 202 2050; x_wconf 90' lang='lat' dir='ltr'>de</span> <span class='ocrx_word' id='word_1_180' title='bbox 232 1991 377 2051; x_wconf 87' lang='lat' dir='ltr'>causa</span> <span class='ocrx_word' id='word_1_181' title='bbox 393 1993 687 2057; x_wconf 71' lang='lat' dir='ltr'>tollerent,</span> <span class='ocrx_word' id='word_1_182' title='bbox 719 1985 973 2070; x_wconf 88' lang='lat' dir='ltr'>quorsum</span> <span class='ocrx_word' id='word_1_183' title='bbox 1006 1989 1063 2050; x_wconf 87' lang='lat' dir='ltr'>id</span> <span class='ocrx_word' id='word_1_184' title='bbox 1091 1987 1350 2071; x_wconf 56' lang='lat' dir='ltr'>spectare,</span> 
     </span>
     <span class='ocr_line' id='line_1_26' title="bbox 21 2069 1354 2137; baseline 0.001 -7"><span class='ocrx_word' id='word_1_185' title='bbox 21 2071 117 2130; x_wconf 87' lang='lat' dir='ltr'>nifi</span> <span class='ocrx_word' id='word_1_186' title='bbox 129 2091 186 2132; x_wconf 88' lang='lat' dir='ltr'>vt</span> <span class='ocrx_word' id='word_1_187' title='bbox 202 2079 264 2131; x_wconf 86' lang='lat' dir='ltr'>iis</span> <span class='ocrx_word' id='word_1_188' title='bbox 281 2073 347 2131; x_wconf 89' lang='lat' dir='ltr'>de</span> <span class='ocrx_word' id='word_1_189' title='bbox 365 2073 554 2131; x_wconf 89' lang='lat' dir='ltr'>medio</span> <span class='ocrx_word' id='word_1_190' title='bbox 570 2069 886 2137; x_wconf 74' lang='lat' dir='ltr'>amoti3‚soli</span> <span class='ocrx_word' id='word_1_191' title='bbox 903 2070 1015 2129; x_wconf 87' lang='lat' dir='ltr'>fine</span> <span class='ocrx_word' id='word_1_192' title='bbox 1027 2070 1236 2130; x_wconf 87' lang='lat' dir='ltr'>arbitris</span> <span class='ocrx_word' id='word_1_193' title='bbox 1253 2073 1354 2131; x_wconf 86' lang='lat' dir='ltr'>de·-</span> 
     </span>
     <span class='ocr_line' id='line_1_27' title="bbox 22 2149 1353 2234; baseline 0.001 -22"><span class='ocrx_word' id='word_1_194' title='bbox 22 2152 210 2212; x_wconf 89' lang='lat' dir='ltr'>stinata</span> <span class='ocrx_word' id='word_1_195' title='bbox 223 2154 309 2214; x_wconf 78' lang='lat' dir='ltr'>sua</span> <span class='ocrx_word' id='word_1_196' title='bbox 325 2149 525 2212; x_wconf 82' lang='lat' dir='ltr'>facilius</span> <span class='ocrx_word' id='word_1_197' title='bbox 542 2150 890 2234; x_wconf 84' lang='lat' dir='ltr'>perficerent?</span> <span class='ocrx_word' id='word_1_198' title='bbox 924 2156 1057 2211; x_wconf 85' lang='lat' dir='ltr'>Haec</span> <span class='ocrx_word' id='word_1_199' title='bbox 1078 2158 1132 2212; x_wconf 71' lang='grc' dir='ltr'>δε</span> <span class='ocrx_word' id='word_1_200' title='bbox 1162 2152 1353 2213; x_wconf 81' lang='lat' dir='ltr'>fimilia</span> 
     </span>
     <span class='ocr_line' id='line_1_28' title="bbox 22 2231 1373 2316; baseline 0.001 -23"><span class='ocrx_word' id='word_1_201' title='bbox 22 2231 391 2316; x_wconf 87' lang='lat' dir='ltr'>frequentibus</span> <span class='ocrx_word' id='word_1_202' title='bbox 408 2231 616 2294; x_wconf 86' lang='lat' dir='ltr'>susurris</span> <span class='ocrx_word' id='word_1_203' title='bbox 633 2257 692 2294; x_wconf 88' lang='lat' dir='ltr'>ac</span> <span class='ocrx_word' id='word_1_204' title='bbox 710 2233 1136 2313; x_wconf 84' lang='lat' dir='ltr'>rumoribus-per</span> <span class='ocrx_word' id='word_1_205' title='bbox 1151 2237 1354 2294; x_wconf 87' lang='lat' dir='ltr'>Aulam</span> <span class='ocrx_word' id='word_1_206' title='bbox 1371 2256 1373 2258; x_wconf 83' lang='lat'>·</span> 
     </span>
     <span class='ocr_line' id='line_1_29' title="bbox 23 2314 1376 2400; baseline 0 -25"><span class='ocrx_word' id='word_1_207' title='bbox 23 2317 157 2375; x_wconf 79' lang='lat' dir='ltr'>adeo</span> <span class='ocrx_word' id='word_1_208' title='bbox 189 2318 606 2384; x_wconf 83' lang='lat' dir='ltr'>increbuerunt,</span> <span class='ocrx_word' id='word_1_209' title='bbox 638 2337 699 2376; x_wconf 86' lang='lat' dir='ltr'>vt</span> <span class='ocrx_word' id='word_1_210' title='bbox 715 2315 782 2374; x_wconf 83' lang='lat' dir='ltr'>ad</span> <span class='ocrx_word' id='word_1_211' title='bbox 803 2337 955 2373; x_wconf 88' lang='lat' dir='ltr'>aures</span> <span class='ocrx_word' id='word_1_212' title='bbox 987 2314 1150 2397; x_wconf 87' lang='lat' dir='ltr'>vsque</span> <span class='ocrx_word' id='word_1_213' title='bbox 1179 2317 1376 2400; x_wconf 76' lang='lat' dir='ltr'>Regis.</span> 
     </span>
     <span class='ocr_line' id='line_1_30' title="bbox 21 2393 1355 2483; baseline -0.001 -26"><span class='ocrx_word' id='word_1_214' title='bbox 21 2419 78 2457; x_wconf 86' lang='lat' dir='ltr'>ac</span> <span class='ocrx_word' id='word_1_215' title='bbox 92 2400 319 2483; x_wconf 85' lang='lat' dir='ltr'>Reginae</span> <span class='ocrx_word' id='word_1_216' title='bbox 336 2393 692 2458; x_wconf 81' lang='lat' dir='ltr'>deferrentur:</span> <span class='ocrx_word' id='word_1_217' title='bbox 711 2419 812 2457; x_wconf 90' lang='lat' dir='ltr'>nec</span> <span class='ocrx_word' id='word_1_218' title='bbox 833 2397 1054 2455; x_wconf 80' lang='lat' dir='ltr'>deerant</span> <span class='ocrx_word' id='word_1_219' title='bbox 1074 2405 1278 2457; x_wconf 87' lang='lat' dir='ltr'>interea</span> <span class='ocrx_word' id='word_1_220' title='bbox 1293 2421 1355 2479; x_wconf 72' lang='grc' dir='ltr'>ς-</span> 
     </span>
     <span class='ocr_line' id='line_1_31' title="bbox 21 2479 1354 2563; baseline 0.001 -25"><span class='ocrx_word' id='word_1_221' title='bbox 21 2483 153 2538; x_wconf 89' lang='lat' dir='ltr'>muli</span> <span class='ocrx_word' id='word_1_222' title='bbox 170 2486 263 2562; x_wconf 88' lang='lat' dir='ltr'>qui</span> <span class='ocrx_word' id='word_1_223' title='bbox 280 2480 392 2540; x_wconf 87' lang='lat' dir='ltr'>haec</span> <span class='ocrx_word' id='word_1_224' title='bbox 407 2483 631 2539; x_wconf 81' lang='lat' dir='ltr'>occultis</span> <span class='ocrx_word' id='word_1_225' title='bbox 647 2479 870 2539; x_wconf 79' lang='lat' dir='ltr'>flabellis</span> <span class='ocrx_word' id='word_1_226' title='bbox 893 2484 951 2537; x_wconf 90' lang='lat' dir='ltr'>in</span> <span class='ocrx_word' id='word_1_227' title='bbox 982 2479 1204 2563; x_wconf 87' lang='lat' dir='ltr'>Regum</span> <span class='ocrx_word' id='word_1_228' title='bbox 1235 2487 1354 2540; x_wconf 86' lang='lat' dir='ltr'>ani-</span> 
     </span>
     <span class='ocr_line' id='line_1_32' title="bbox 19 2562 1357 2645; baseline 0.001 -26"><span class='ocrx_word' id='word_1_229' title='bbox 19 2567 123 2637; x_wconf 83' lang='lat' dir='ltr'>mis</span> <span class='ocrx_word' id='word_1_230' title='bbox 141 2562 501 2621; x_wconf 89' lang='lat' dir='ltr'>accenderent</span> <span class='ocrx_word' id='word_1_231' title='bbox 518 2603 533 2629; x_wconf 89' lang='lat'>‚</span> <span class='ocrx_word' id='word_1_232' title='bbox 567 2583 680 2644; x_wconf 92' lang='lat' dir='ltr'>quo</span> <span class='ocrx_word' id='word_1_233' title='bbox 705 2566 927 2645; x_wconf 87' lang='lat' dir='ltr'>grauior</span> <span class='ocrx_word' id='word_1_234' title='bbox 948 2566 1357 2622; x_wconf 85' lang='lat' dir='ltr'>criminantium</span> 
     </span>
     <span class='ocr_line' id='line_1_33' title="bbox 20 2640 434 2704; baseline 0.005 -3"><span class='ocrx_word' id='word_1_235' title='bbox 20 2640 146 2701; x_wconf 83' lang='lat' dir='ltr'>effet</span> <span class='ocrx_word' id='word_1_236' title='bbox 161 2650 434 2704; x_wconf 77' lang='lat' dir='ltr'>autoritas·</span> 
     </span>
    </p>
   </div>
   <div class='ocr_carea' id='block_1_2' title="bbox 98 2682 1355 2889">
    <p class='ocr_par' dir='ltr' id='par_1_2' title="bbox 98 2682 1355 2889">
     <span class='ocr_line' id='line_1_34' title="bbox 98 2682 1355 2867; baseline -0.001 -81"><span class='ocrx_word' id='word_1_237' title='bbox 98 2724 154 2786; x_wconf 84' lang='lat' dir='ltr'>R</span> <span class='ocrx_word' id='word_1_238' title='bbox 172 2747 207 2786; x_wconf 76' lang='lat' dir='ltr'>E</span> <span class='ocrx_word' id='word_1_239' title='bbox 235 2747 273 2787; x_wconf 84' lang='lat' dir='ltr'><strong>x</strong></span> <span class='ocrx_word' id='word_1_240' title='bbox 294 2724 403 2810; x_wconf 80' lang='lat' dir='ltr'>ipse</span> <span class='ocrx_word' id='word_1_241' title='bbox 420 2747 440 2795; x_wconf 68' lang='lat'>‚‘</span> <span class='ocrx_word' id='word_1_242' title='bbox 470 2748 541 2788; x_wconf 86' lang='lat' dir='ltr'>ne</span> <span class='ocrx_word' id='word_1_243' title='bbox 561 2744 679 2810; x_wconf 83' lang='lat' dir='ltr'>quae</span> <span class='ocrx_word' id='word_1_244' title='bbox 693 2723 761 2785; x_wconf 79' lang='lat' dir='ltr'>ad</span> <span class='ocrx_word' id='word_1_245' title='bbox 776 2723 944 2788; x_wconf 87' lang='lat' dir='ltr'>status</span> <span class='ocrx_word' id='word_1_246' title='bbox 959 2719 1036 2867; x_wconf 46' lang='lat' dir='ltr'>sigi</span> <span class='ocrx_word' id='word_1_247' title='bbox 1052 2682 1355 2816; x_wconf 56' lang='lat' dir='ltr'>detrimenf</span> 
     </span>
     <span class='ocr_line' id='line_1_35' title="bbox 517 2827 1116 2889; baseline -0.003 -2"><span class='ocrx_word' id='word_1_248' title='bbox 517 2850 541 2887; x_wconf 65' lang='grc' dir='ltr'><em>ε</em></span> <span class='ocrx_word' id='word_1_249' title='bbox 978 2886 982 2889; x_wconf 18' lang='grc' dir='ltr'><strong><em>Δ</em></strong></span> <span class='ocrx_word' id='word_1_250' title='bbox 1095 2827 1116 2885; x_wconf 78' lang='lat' dir='ltr'>J</span> 
     </span>
    </p>
   </div>
  </div>
 </body>
</html>
