1690 3094
484 125 518 164 L
561 126 583 162 1
620 126 651 162 B
691 127 736 163 Ev
761 125 801 164 R
885 125 926 162 1.
1286 126 1360 185 131

54 191 206 249 tellus
223 209 338 245 non
354 180 478 255 fert.
545 198 621 242 ‚ss
1224 206 1225 209 ’
1342 235 1346 242 .

105 275 133 326 I
155 292 184 326 B
214 292 234 326 1
260 291 299 327 D
328 291 358 325 E
383 288 429 324 M
449 289 619 325 omne
639 288 808 347 genus
827 265 1359 350 quadrupedunbpe-

47 349 351 429 cudt'imque
386 370 447 404 ex
477 346 733 426 Hispania
748 346 1110 406 transuectum
1141 350 1206 407 ad
1223 371 1360 430 pro-

45 431 346 511 pagandam
380 427 600 506 stirpem
619 466 636 493 ‚
666 448 871 510 magno
904 448 1178 507 prouentu
1191 428 1360 489 sobo-

44 512 221 569 lescit:
253 518 307 569 &
337 508 563 588 Hispani
593 511 844 565 nonnulli
875 507 958 567 sex
976 509 1177 570 octove
1193 514 1359 570 millia

47 594 353 649 animalium
370 595 426 649 in
441 595 699 668 pecuariis
719 610 876 668 atque
911 597 1167 651 armentis
1184 589 1359 673 possi-

46 673 195 729 dent.
230 671 416 750 Qam
448 672 614 726 multa
643 667 810 728 visum
843 668 917 728 est
934 692 1123 730 eorum
1141 672 1360 753 cuilibet

46 759 103 810 in
120 748 266 809 suum
284 749 433 810 Vsum
449 753 681 808 mac'iare
697 754 902 808 licitum
920 749 995 810 est
1010 792 1026 818 ,
1048 753 1222 813 modo
1235 757 1356 834 pel-

46 837 122 892 les
143 833 205 890 ad
223 832 511 890 dominum
534 830 740 889 referat.

105 920 132 970 Ι
154 935 193 970 N
228 935 287 970 ea
317 930 570 992 praeterea
600 911 760 969 insula
791 934 986 992 magna
1001 913 1354 973 Saccharico-
1386 947 1597 999 Hispanie—

45 1000 131 1074 pia
146 993 208 1050 fit
224 1033 239 1059 ,
273 1017 329 1050 ac
348 994 480 1050 dum
500 992 574 1050 ibi
591 1001 1206 1075 commorarer,triginta
1221 1018 1351 1075 qua-
1371 1001 1410 1066 ¹².
1421 1003 1575 1043 saccha-

45 1095 173 1132 tuor
214 1073 470 1132 machinae
502 1074 606 1131 flue
649 1075 929 1131 torcularia
957 1076 1221 1133 eliciendo
1250 1073 1354 1134 sac-
1370 1053 1548 1135 ‘issem'

49 1154 212 1213 charo
248 1152 659 1233 occupabantur.
714 1159 846 1211 Duae
876 1157 1097 1234 quidem
1128 1155 1206 1227 hae
1247 1179 1356 1223 τες,

46 1235 358 1294 Saccharum
377 1235 627 1294 videlicet
645 1243 697 1294 δέ
718 1237 903 1300 Coria,
920 1233 1006 1295 seu
1023 1238 1355 1317 pelles3prae-
1378 1277 1576 1328 Negotia·

45 1323 208 1395 cipuae
224 1314 342 1374 sunt
358 1314 659 1373 eiusinsulae
681 1338 916 1373 merces:
954 1339 1011 1374 ac
1029 1338 1355 1377 mercatores
1381 1331 1576 1393 toltumion

46 1404 138 1477 qui
155 1397 319 1455 hodie
338 1419 400 1454 ex
415 1393 671 1476 Hispania
687 1396 754 1454 eo
770 1402 1045 1477 nauigant‚
1064 1399 1354 1459 redeuntes
1379 1385 1601 1480 {3²22anssss

51 1475 186 1535 nihil
202 1473 311 1535 fere
328 1496 518 1556 praeter
533 1478 640 1535 haec
661 1477 791 1535 inde
820 1478 1099 1537 reuehunt.
1134 1486 1357 1561 Qppe
1378 1505 1491 1534 tutae.

49 1556 276 1637 Hispani
292 1556 612 1617 effodiendis
630 1561 856 1616 metallis
873 1597 888 1623 ‚
908 1578 1135 1641 argento
1154 1568 1206 1620 &
1225 1583 1356 1620 auro

47 1638 187 1696 adeo
205 1635 409 1697 feruide
424 1638 797 1704 incubuerunt,
816 1659 874 1697 vt
890 1646 978 1698 vix
1007 1647 1112 1698 iam
1131 1663 1361 1724 granum

47 1742 217 1776 vnum
246 1726 569 1800 reperiatur,
602 1728 654 1778 &
686 1725 906 1778 maximi
939 1723 1094 1802 pretij
1114 1742 1358 1791 moneta,

46 1798 161 1881 quae
191 1799 355 1859 hodie
387 1806 442 1859 in
471 1801 866 1858 San-dominici
887 1803 1104 1881 voppido
1121 1810 1357 1883 percuti-
1471 1870 1491 1886 ⁶
1520 1874 1531 1884 .

44 1899 164 1947 tur,
196 1901 423 1962 quatuor
449 1881 663 1940 tantum
696 1884 992 1940 marauedis
1023 1887 1181 1950 valet,
1212 1886 1265 1943 id
1284 1884 1359 1944 est
1379 1872 1603 1968 fflfflnmffi

45 1959 276 2022 solidum
307 1962 621 2020 nostratem.
672 1967 859 2043 Itaque
891 1963 929 2020 fi
972 1966 1359 2024 mercatoribus
1383 1983 1601 2036 Hispanie-

47 2064 239 2100 aurum
262 2051 314 2102 δι
335 2061 615 2124 argentum
635 2065 944 2122 comparare
972 2043 1134 2103 libeat
1150 2085 1177 2111 ‚-¹
1198 2069 1261 2104 ex
1292 2070 1359 2106 eo
1380 2036 1434 2076 ¹²·

49 2126 176 2182 lice-t
195 2124 343 2204 quod
369 2128 472 2182 Πᾶς
488 2123 697 2181 tantum
714 2124 742 2180 ὲ
757 2130 992 2182 Peruana
1007 2132 1062 2184 &
1079 2124 1362 2206 Cap-fon·-

48 2205 256 2263 durenfi
273 2204 648 2284 prouinciiS‚ad
656 2202 862 2262 uehitur
878 2205 906 2263 a
922 2208 1360 2288 negotiatoribus

46 2290 141 2366 qui
157 2285 220 2342 ad
243 2308 505 2366 equorum
524 2324 541 2350 ‚
574 2291 990 2363 mancipiorum,
1007 2295 1062 2346 &
1079 2291 1355 2349 mulorum

49 2386 345 2425 mercatum
364 2372 421 2423 in
437 2363 805 2444 Hispaniolam
822 2373 1063 2425 veniunt:
1081 2390 1143 2426 ex
1161 2393 1249 2437 eo,
1267 2377 1353 2429 in-

49 2469 212 2526 quam
229 2487 244 2512 ,
261 2469 391 2504 auro
407 2443 606 2525 possint
625 2468 805 2506 emere
819 2487 837 2513 ‚
866 2447 964 2506 nsfi
982 2453 1353 2510 intertrimen-

49 2546 166 2584 tum
196 2533 388 2608 ingens
406 2536 458 2588 &
492 2530 685 2584 iactura
715 2549 809 2587 eos
841 2529 870 2586 a
896 2531 986 2587 tali
1002 2551 1236 2593 mercatu
1254 2533 1353 2592 de·

47 2627 293 2678 terreret.
329 2614 561 2689 quippe2
579 2607 792 2668 ducatus
823 2633 885 2668 ex
913 2632 1044 2668 auro
1081 2633 1220 2691 puro
1247 2637 1353 2694 pu·-

50 2687 220 2768 toque
251 2688 495 2746 duorum·
513 2686 723 2746 alterius
752 2711 989 2751 monetae
1019 2698 1351 2772 pretiumtae-

49 2787 196 2850 quat.
243 2774 430 2852 Itaque
458 2790 575 2828 non
606 2770 716 2846 aliis
746 2766 857 2832 fere
892 2771 1161 2833 mercibus
1190 2776 1354 2857 quam

974 2853 1093 2931 iij
