1690 3094
397 55 710 94 LIBER
779 36 957 94 1114
1285 61 1382 121 375

57 118 250 201 quibus
266 138 426 199 agros
444 125 498 177 δε
516 116 752 174 ditiones
770 115 1121 198 affignauerat
1138 157 1154 184 ‚
1172 118 1380 200 stipen-

60 204 252 258 diarios
270 194 393 256 facit
411 238 427 263 ,
445 196 707 278 pensione
740 197 993 278 imposita
1023 221 1183 279 quam
1204 203 1382 260 Caesa-

57 287 102 339 ri
129 278 416 338 soluerent.
475 284 842 336 Licentiatum
875 280 1112 337 Gamam
1145 286 1200 338 in
1295 290 1381 340 ui-

58 358 263 419 tensem
281 366 612 440 prouinciam
630 398 647 423 ‚
683 358 999 419 Gabrielem
1021 361 1086 419 de
1101 364 1272 420 Roias
1293 370 1382 422 di-.

57 439 203 520 uersa
220 461 368 523 parte
384 447 439 498 in
457 439 735 497 Potofiam
753 440 961 498 Iudices
992 439 1219 500 assiduos
1251 467 1379 504 cum

57 525 440 582 Dominicanis
482 524 687 601 aliquot
742 520 1022 579 monachis
1067 528 1233 582 mittit
1263 565 1280 590 ‚
1323 549 1384 585 ac

57 608 390 661 nominatim
425 607 498 660 eis
529 607 812 684 negotium
845 601 935 659 dat
950 621 1007 662 vt
1033 625 1382 686 peragrantes

61 705 256 742 omnes
275 706 360 743 eas
389 702 554 741 terras
575 722 592 747 ,
621 703 740 741 tum
773 682 837 740 ab
868 682 1117 763 Hispanis
1150 690 1381 753 coloni5‚

57 783 177 822 tum
208 764 273 822 ab
306 766 458 822 Indis
487 763 610 844 ipsis
655 769 904 843 pecunias
950 784 1169 845 quantas
1206 775 1382 826 maxi-

60 867 173 904 mas
190 843 402 927 poffent
434 852 836 924 conquirerent.
870 849 1056 925 Atque
1086 850 1160 904 illi
1177 848 1241 904 ad
1261 867 1380 907 eam

61 948 178 984 rem
208 927 436 985 minime
478 924 665 1006 segnes
693 965 710 991 ,
742 948 857 983 non
887 932 964 984 ius
992 950 1056 984 au
1100 950 1292 987 verum
1322 936 1382 991 in

60 1006 470 1090 cognitionibus
488 1047 505 1073 ‚
534 1007 624 1064 sed
652 1004 817 1064 solam
850 1029 1018 1086 opum
1048 1011 1383 1091 magnitudi-

60 1110 194 1148 nem
239 1087 564 1168 specrabant.
618 1093 807 1168 Itaque
836 1088 1023 1168 passim
1052 1087 1222 1169 specie
1253 1097 1384 1151 iuris

60 1168 396 1234 obiiciendO,
413 1171 505 1225 Tu
521 1174 577 1227 in
593 1171 810 1250 Regem
829 1169 1089 1228 rebellasti
1107 1193 1118 1225 t
1137 1190 1194 1228 tu
1209 1175 1378 1231 Gon*
1399 1211 1443 1242 (ς

60 1253 193 1309 zallo
224 1256 434 1308 Pizarro
466 1273 686 1330 operam
720 1249 1018 1332 praebuisti:
1050 1270 1109 1309 tu
1125 1273 1380 1312 euentum
1400 1294 1445 1322 <c

60 1327 303 1415 spectasti
333 1349 393 1390 vt
423 1325 650 1389 fortunae
680 1351 770 1389 tua
814 1332 1032 1392 consilia
1072 1337 1378 1414 applicares:
1400 1375 1444 1404 ‘g

61 1432 121 1471 tu
137 1411 332 1492 optasti
360 1431 421 1470 vt
435 1418 672 1472 vinceret
690 1420 744 1472 δε
773 1420 1061 1493 prouinciae
1082 1421 1375 1495 imperium
1399 1457 1442 1486 cc
1514 1487 1518 1490 ·

61 1511 379 1573 occuparet:
398 1492 499 1559 his,
517 1500 758 1574 inquam,
777 1504 830 1553 &
849 1497 959 1552 aliis
980 1495 1241 1555 eiusmodi
1256 1496 1378 1580 spe-
1400 1538 1441 1567 cc

63 1573 218 1633 ciofis
237 1573 626 1633 accusationum
647 1575 923 1634 coloribus
942 1615 959 1641 ‚
995 1576 1162 1635 ambo
1177 1584 1343 1661 ingen
1357 1617 1388 1627 -

62 1674 177 1715 tem
197 1662 544 1735 pecuniarum
561 1662 678 1715 vim
701 1660 1062 1739 collegerunt.
1108 1663 1259 1717 Inter
1277 1659 1390 1719 haec

63 1736 286 1795 Gabriel
307 1737 372 1794 de
400 1739 569 1794 Roias
601 1743 658 1794 in
675 1743 868 1798 itinere
899 1737 1263 1798 subitamorte
1296 1764 1392 1799 ex·-

64 1823 347 1899 tinguitur:
368 1839 425 1876 ac
442 1820 683 1898 plerique
701 1814 941 1877 ferebant
962 1818 1100 1878 iusto
1118 1827 1224 1880 Dei
1242 1821 1391 1880 iudi-

63 1904 150 1958 cio
168 1906 527 1978 interceptum
546 1923 561 1953 .·
596 1908 649 1959 δε
672 1903 846 1959 ὲΒεο
863 1900 1086 1959 tandem
1119 1900 1392 1965 exauditas

64 1977 164 2039 effe
182 1981 320 2038 diras
369 1987 424 2040 &
453 1979 865 2040 malediffiones
909 1983 1082 2064 vulgo
1117 1983 1145 2041 ὲ
1187 1979 1393 2041 miseris

61 2060 479 2142 prouincialibus
498 2066 552 2117 in
589 2060 954 2121 acerbissimos
981 2066 1099 2120 illos
1118 2065 1395 2123 exaetores

62 2145 225 2200 iactas
258 2165 289 2223 :x
304 2141 539 2222 moxque
558 2140 714 2200 istum
746 2142 1016 2205 horribilis
1048 2145 1393 2203 cacodaemo-

64 2229 148 2282 nis
166 2222 337 2303 specie
369 2222 679 2304 quibusdam
698 2227 1084 2285 Dominicanis
1102 2225 1388 2286 monachis

67 2301 374 2385 apparuiffe.

204 2388 315 2444 AT
349 2383 538 2444 Praescs
568 2425 586 2452 ‚
630 2385 919 2469 postquam
964 2407 1220 2468 quantam
1262 2413 1384 2451 rna-

61 2471 265 2526 ximam
322 2472 502 2546 potuit
560 2472 673 2526 vim
728 2474 1077 2547 pecuniarum
1145 2472 1383 2554 collegit:

64 2568 181 2626 quae
198 2547 377 2606 decies
405 2547 695 2606 centenum
713 2556 768 2609 δε
801 2550 1243 2632 quinquagenum
1259 2554 1386 2611 mil-

0 2704 3 2721 ,
64 2630 200 2688 lium
217 2627 644 2689 Castellanorum
658 2627 924 2690 summam
941 2631 1214 2712 aequabat,
1247 2638 1389 2711 Pro-3

927 2714 985 2772 A
1043 2713 1118 2790 iiij

1404 2425 1622 2470 tudecedn

1406 2367 1623 2414 Castaan
1675 2366 1679 2369 ¹
