1690 3094
1656 0 1690 22 π

344 90 460 151 144
599 89 829 128 HIST.
895 90 1106 130 NOVI
1182 88 1442 132 oRssrs

351 150 511 209 dandi
530 152 697 209 Gallis
714 153 978 209 audaciam
1010 148 1207 210 facere:
1240 158 1281 209 is
1300 152 1650 215 Senatuscon-
1674 196 1679 202 -

347 230 538 290 fultum
568 230 886 290 eiuscemodi
914 228 1063 290 facit:
1098 237 1312 292 Placere
1340 240 1418 293 vti
1448 259 1644 295 omnes

343 334 510 370 'naues
559 334 671 392 quae
699 330 825 369 toto
870 335 1012 369 anno
1057 312 1294 392 pluribus
1325 323 1648 374 commeati-

344 391 447 450 bus
478 417 537 450 ex
552 392 808 470 Hispania
822 397 876 450 in
894 393 1104 450 Indiam
1134 400 1441 475 nau³garent
1459 407 1644 471 (erant

344 492 523 530 autem
543 495 613 531 eae
629 475 749 532 cum
768 479 1007 530 minores
1023 491 1138 530 tum
1158 478 1471 553 grandiores
1489 483 1644 535 circi-

341 570 426 610 ter
441 551 733 635 sexaginta)
752 552 844 610 vbi
863 551 1064 610 onustae
1093 552 1461 634 inltru&aec'1ue
1478 554 1644 615 essent

343 635 452 690 aliae
467 636 586 691 alias
615 633 970 712 exspefcantes
1000 657 1191 691 omnes
1224 635 1328 692 vna
1354 635 1639 695 soluerent:

338 731 458 771 tum
476 732 533 772 vt
566 733 887 772 mercatores
903 714 997 794 ipsi
1013 734 1119 771 tres
1139 719 1225 771 aut
1243 735 1469 793 quatuor
1486 716 1642 774 belli-

342 812 425 852 ca's
460 816 616 852 naues
651 814 917 852 armarent
949 834 965 859 ‚
1011 818 1122 876 quae
1154 797 1356 852 classem
1387 795 1544 877 Vsque
1574 797 1641 856 ad

341 877 595 932 Canarias
627 874 820 933 Insulas
834 874 1278 955 prosequerentur
1297 915 1312 939 ,
1343 884 1464 955 quia
1481 875 1639 956 Vsque·

339 956 405 1013 ad
443 978 566 1014 eum
596 960 774 1013 locum
814 979 875 1015 ex
904 954 1156 1034 Hispania
1184 961 1237 1012 in
1255 956 1640 1033 Indiamcom«

337 1036 638 1094 meantibus
654 1038 947 1116 periculum
966 1037 1057 1094 est.
1077 1037 1140 1093 Id
1172 1035 1209 1092 si
1241 1042 1313 1093 ita
1340 1035 1521 1095 sedulo
1555 1057 1637 1095 at·-

337 1139 442 1196 que
457 1119 648 1174 ordine
666 1110 929 1176 curaretur
945 1157 961 1182 ‚
978 1115 1277 1174 hauddubie
1294 1120 1481 1175 Gallos
1499 1140 1636 1200 prae-

191 1257 201 1268 ·
302 1257 310 1265 k
341 1198 501 1255 dandi
517 1198 684 1256 finem
702 1194 952 1255 faeturos.
1134 1205 1141 1209 ’

92 1257 315 1367 ὶΡέᾗΞ-ἱῗῖἶζ
415 1282 467 1336 C
489 1302 519 1336 E
544 1299 581 1334 T
609 1302 639 1336 E
667 1300 702 1337 R
726 1300 758 1332 v
784 1299 827 1335 M
861 1278 1008 1358 quod
1036 1277 1101 1334 ad
1132 1300 1191 1335 ea
1222 1279 1415 1336 damna
1443 1286 1642 1346 attinet

91 1365 276 1431 alpi-2515
336 1381 447 1439 quae
476 1361 619 1419 Galli
651 1359 848 1416 Indicis
877 1380 1101 1439 quoque,
1125 1361 1338 1438 populis
1380 1362 1628 1425 intulere,

91 1421 314 1518 assffifftm
334 1462 450 1497 non
467 1442 575 1497 aliis
607 1445 715 1497 eius
747 1446 820 1496 rei
854 1442 1002 1518 culpa
1032 1437 1332 1520 assignanda
1361 1438 1435 1513 est
1467 1440 1629 1510 quam

331 1519 700 1599 Hispanorum
747 1518 1091 1601 quibusdam,
1136 1525 1244 1577 eius
1273 1511 1627 1602 nauigationis

328 1598 510 1679 peritis
529 1640 545 1665 ‚
565 1605 653 1682 qui
670 1602 859 1659 Gallos
877 1604 942 1659 eo
959 1599 1056 1678 ipsi
1073 1599 1421 1665 deduxerunt,
1440 1603 1524 1666 vel
1538 1600 1629 1659 so-

324 1684 373 1739 la
391 1684 587 1739 malitia
602 1720 618 1746 ,
651 1684 738 1739 vel
756 1681 953 1738 inuidia
981 1680 1207 1759 impulsi,
1225 1683 1310 1738 vel
1330 1687 1526 1740 iniuriae
1542 1683 1629 1740 vl·-

324 1759 569 1820 ciscendae
587 1762 848 1841 cupidine.
867 1761 1259 1840 ‘Galli'quidem
1278 1800 1293 1825 ,
1316 1763 1497 1840 primo
1514 1768 1625 1820 Hp·

319 1839 489 1921 spanis
509 1842 727 1901 ducibus
748 1841 818 1899 vs1
837 1881 853 1907 ,
886 1863 980 1899 eos
998 1842 1166 1898 cursus
1186 1864 1246 1899 ex
1266 1864 1332 1898 eo
1349 1842 1485 1899 adeo
1503 1865 1626 1899 exa-

319 1923 408 1981 ἀὲ
423 1923 819 2002 perdidicerunt
839 1961 856 1987 ‚
893 1940 955 1978 vt
983 1918 1231 2000 Hispanis
1248 1921 1369 2000 ipfis
1386 1922 1516 1988 nihil
1533 1945 1626 1980 ce-

315 2004 508 2062 derent
539 2027 551 2060 z
587 2002 859 2083 quumque
890 2007 1045 2060 initio
1081 2008 1216 2059 circa
1233 1998 1624 2082 Hispaniolae&

314 2089 366 2142 S.
387 2090 605 2143 Ioannis
623 2084 902 2141 insularum
932 2082 1149 2140 tantum
1164 2085 1348 2139 littora
1363 2105 1624 2164 vagaren-

311 2184 431 2231 tur,
450 2165 544 2224 vbi
563 2189 623 2223 ex
641 2170 701 2222 iis
718 2167 849 2222 locis
869 2187 984 2222 non
1015 2181 1221 2220 tantum
1269 2161 1623 2242 proueniebat

313 2247 501 2325 praedae
533 2265 788 2326 quantum
815 2242 1018 2302 solebat
1053 2283 1068 2309 ‚
1098 2243 1354 2324 progredi
1383 2245 1623 2309 vlterius‚

317 2334 370 2385 ἃ
388 2328 450 2384 ad
469 2330 587 2384 alias
606 2325 766 2405 Vsque
797 2323 980 2383 insulas
999 2363 1015 2388 ‚
1034 2321 1267 2403 ipsasque
1287 2323 1424 2381 adeo
1442 2329 1617 2381 conti-

316 2413 490 2465 nentis
522 2410 818 2486 prouincias
851 2426 1135 2463 excurrere
1165 2403 1266 2461 aufi
1297 2402 1433 2461 sunt.
1465 2408 1618 2484 Ergo

311 2510 428 2545 non
446 2510 588 2544 marc
604 2486 813 2544 tantum
826 2487 1124 2547 ,latrociniis
1156 2479 1495 2550 infestarunt,
1527 2483 1616 2542 sed

311 2564 447 2625 infra
475 2567 659 2646 scripta
689 2589 906 2646 quoque
935 2566 1134 2644 oppida
1167 2573 1219 2625 &
1250 2561 1614 2644 Hispanorum

311 2650 549 2706 colonias
566 2651 803 2727 populati
820 2646 953 2706 sunt.
984 2646 1225 2717 Primum
1244 2649 1299 2701 in
1316 2642 1615 2724 Hispanio-

312 2731 362 2798 la
389 2733 951 2809 Portum-argenteum
971 2764 988 2793 ,
1018 2731 1221 2784 Azuam
1240 2764 1260 2792 2
1278 2730 1612 2805 Iaquannam

1555 2809 1615 2865 ἅτ
