<?xml version="1.0" encoding="UTF-8"?>
<!DOCTYPE html PUBLIC "-//W3C//DTD XHTML 1.0 Transitional//EN"
    "http://www.w3.org/TR/xhtml1/DTD/xhtml1-transitional.dtd">
<html xmlns="http://www.w3.org/1999/xhtml" xml:lang="en" lang="en">
 <head>
  <title>
</title>
<meta http-equiv="Content-Type" content="text/html;charset=utf-8" />
  <meta name='ocr-system' content='tesseract 3.04.00' />
  <meta name='ocr-capabilities' content='ocr_page ocr_carea ocr_par ocr_line ocrx_word'/>
</head>
<body>
  <div class='ocr_page' id='page_1' title='image "./novaenoviorbishi00benz/novaenoviorbishi00benz_0108.png"; bbox 0 0 1690 3094; ppageno 0'>
   <div class='ocr_carea' id='block_1_1' title="bbox 325 104 1599 163">
    <p class='ocr_par' dir='ltr' id='par_1_1' title="bbox 325 104 1599 163">
     <span class='ocr_line' id='line_1_1' title="bbox 325 104 1599 163; baseline 0.003 -4"><span class='ocrx_word' id='word_1_1' title='bbox 325 105 396 160; x_wconf 79' lang='lat'><strong>68</strong></span> <span class='ocrx_word' id='word_1_2' title='bbox 538 121 769 161; x_wconf 72' lang='grc' dir='ltr'><strong>Ηῑςτ.</strong></span> <span class='ocrx_word' id='word_1_3' title='bbox 860 119 1075 161; x_wconf 78' lang='grc' dir='ltr'><strong>Νονι</strong></span> <span class='ocrx_word' id='word_1_4' title='bbox 1168 125 1424 163; x_wconf 72' lang='lat' dir='ltr'><strong>oRBIS</strong></span> <span class='ocrx_word' id='word_1_5' title='bbox 1560 104 1599 131; x_wconf 63' lang='lat' dir='ltr'><em>s</em></span> 
     </span>
    </p>
   </div>
   <div class='ocr_carea' id='block_1_2' title="bbox 311 181 1639 2925">
    <p class='ocr_par' dir='ltr' id='par_1_2' title="bbox 324 181 1639 504">
     <span class='ocr_line' id='line_1_2' title="bbox 326 181 1636 246; baseline 0.003 -5"><span class='ocrx_word' id='word_1_6' title='bbox 326 184 615 241; x_wconf 82' lang='lat' dir='ltr'><strong>Calatrauae</strong></span> <span class='ocrx_word' id='word_1_7' title='bbox 650 185 856 240; x_wconf 88' lang='lat' dir='ltr'><strong>ordinis</strong></span> <span class='ocrx_word' id='word_1_8' title='bbox 891 181 1206 242; x_wconf 56' lang='lat' dir='ltr'><strong>esseccaesar</strong></span> <span class='ocrx_word' id='word_1_9' title='bbox 1231 184 1337 243; x_wconf 87' lang='lat' dir='ltr'><strong>hoc</strong></span> <span class='ocrx_word' id='word_1_10' title='bbox 1366 187 1636 246; x_wconf 62' lang='lat' dir='ltr'><strong>Dostorls</strong></span> 
     </span>
     <span class='ocr_line' id='line_1_3' title="bbox 324 261 1639 346; baseline 0.004 -26"><span class='ocrx_word' id='word_1_11' title='bbox 324 261 501 320; x_wconf 84' lang='lat' dir='ltr'><strong>studio</strong></span> <span class='ocrx_word' id='word_1_12' title='bbox 518 271 569 323; x_wconf 62' lang='grc' dir='ltr'><strong>δέ</strong></span> <span class='ocrx_word' id='word_1_13' title='bbox 589 264 765 322; x_wconf 87' lang='lat' dir='ltr'><strong>verbis</strong></span> <span class='ocrx_word' id='word_1_14' title='bbox 783 283 1093 321; x_wconf 86' lang='lat' dir='ltr'><strong>commotus</strong></span> <span class='ocrx_word' id='word_1_15' title='bbox 1110 304 1126 330; x_wconf 82' lang='lat'>,</span> <span class='ocrx_word' id='word_1_16' title='bbox 1145 271 1191 322; x_wconf 88' lang='lat' dir='ltr'><strong>ei</strong></span> <span class='ocrx_word' id='word_1_17' title='bbox 1209 267 1466 346; x_wconf 86' lang='lat' dir='ltr'><strong>quidquid</strong></span> <span class='ocrx_word' id='word_1_18' title='bbox 1482 286 1639 345; x_wconf 85' lang='lat' dir='ltr'><strong>pete-</strong></span> 
     </span>
     <span class='ocr_line' id='line_1_4' title="bbox 327 343 1637 429; baseline 0.004 -29"><span class='ocrx_word' id='word_1_19' title='bbox 327 362 409 401; x_wconf 80' lang='lat' dir='ltr'><strong>ret-</strong></span> <span class='ocrx_word' id='word_1_20' title='bbox 424 365 662 402; x_wconf 84' lang='lat' dir='ltr'><strong>annuens</strong></span> <span class='ocrx_word' id='word_1_21' title='bbox 680 385 696 410; x_wconf 84' lang='lat'>,</span> <span class='ocrx_word' id='word_1_22' title='bbox 715 366 873 401; x_wconf 83' lang='lat' dir='ltr'><strong>naues</strong></span> <span class='ocrx_word' id='word_1_23' title='bbox 891 343 1104 410; x_wconf 65' lang='lat' dir='ltr'><strong>instruiJ</strong></span> <span class='ocrx_word' id='word_1_24' title='bbox 1118 349 1392 403; x_wconf 75' lang='lat' dir='ltr'><strong>comeatus</strong></span> <span class='ocrx_word' id='word_1_25' title='bbox 1410 351 1637 429; x_wconf 72' lang='lat' dir='ltr'><strong>ceterziq3</strong></span> 
     </span>
     <span class='ocr_line' id='line_1_5' title="bbox 328 424 1439 504; baseline 0.004 -23"><span class='ocrx_word' id='word_1_26' title='bbox 328 426 666 503; x_wconf 84' lang='lat' dir='ltr'><strong>expeditioni</strong></span> <span class='ocrx_word' id='word_1_27' title='bbox 683 424 958 497; x_wconf 78' lang='lat' dir='ltr'><strong>necessaria</strong></span> <span class='ocrx_word' id='word_1_28' title='bbox 975 426 1257 504; x_wconf 86' lang='lat' dir='ltr'><strong>prouideri</strong></span> <span class='ocrx_word' id='word_1_29' title='bbox 1273 425 1439 485; x_wconf 87' lang='lat' dir='ltr'><strong>iubet.</strong></span> 
     </span>
    </p>

    <p class='ocr_par' dir='ltr' id='par_1_3' title="bbox 313 503 1638 2420">
     <span class='ocr_line' id='line_1_6' title="bbox 405 503 1634 588; baseline 0.005 -28"><span class='ocrx_word' id='word_1_30' title='bbox 405 510 432 560; x_wconf 88' lang='grc' dir='ltr'><strong>Ι</strong></span> <span class='ocrx_word' id='word_1_31' title='bbox 454 525 487 562; x_wconf 87' lang='lat' dir='ltr'>L</span> <span class='ocrx_word' id='word_1_32' title='bbox 515 527 548 562; x_wconf 87' lang='lat' dir='ltr'><strong>L</strong></span> <span class='ocrx_word' id='word_1_33' title='bbox 576 529 606 563; x_wconf 82' lang='lat' dir='ltr'>E</span> <span class='ocrx_word' id='word_1_34' title='bbox 630 503 831 584; x_wconf 81' lang='lat' dir='ltr'>Hispali</span> <span class='ocrx_word' id='word_1_35' title='bbox 847 506 1005 563; x_wconf 85' lang='lat' dir='ltr'><strong>soluit</strong></span> <span class='ocrx_word' id='word_1_36' title='bbox 1020 545 1036 571; x_wconf 83' lang='lat'>‚</span> <span class='ocrx_word' id='word_1_37' title='bbox 1054 512 1181 564; x_wconf 85' lang='lat' dir='ltr'><strong>&amp;in</strong></span> <span class='ocrx_word' id='word_1_38' title='bbox 1218 509 1522 565; x_wconf 83' lang='lat' dir='ltr'>Cumanam</span> <span class='ocrx_word' id='word_1_39' title='bbox 1538 531 1634 588; x_wconf 82' lang='lat' dir='ltr'><strong>ap·-</strong></span> 
     </span>
     <span class='ocr_line' id='line_1_7' title="bbox 321 581 1636 666; baseline 0.004 -24"><span class='ocrx_word' id='word_1_40' title='bbox 321 582 496 666; x_wconf 85' lang='lat' dir='ltr'><strong>pulsus</strong></span> <span class='ocrx_word' id='word_1_41' title='bbox 513 632 528 655; x_wconf 89' lang='lat'>‚</span> <span class='ocrx_word' id='word_1_42' title='bbox 545 585 761 644; x_wconf 86' lang='lat' dir='ltr'><strong>Didaco</strong></span> <span class='ocrx_word' id='word_1_43' title='bbox 784 589 1037 665; x_wconf 85' lang='lat' dir='ltr'><strong>Ocampo</strong></span> <span class='ocrx_word' id='word_1_44' title='bbox 1054 585 1129 642; x_wconf 89' lang='lat' dir='ltr'><strong>ibi</strong></span> <span class='ocrx_word' id='word_1_45' title='bbox 1159 581 1300 644; x_wconf 70' lang='lat' dir='ltr'><strong>forte</strong></span> <span class='ocrx_word' id='word_1_46' title='bbox 1315 607 1532 666; x_wconf 86' lang='lat' dir='ltr'><strong>reperto</strong></span> <span class='ocrx_word' id='word_1_47' title='bbox 1549 596 1636 648; x_wconf 85' lang='lat' dir='ltr'><strong>di-</strong></span> 
     </span>
     <span class='ocr_line' id='line_1_8' title="bbox 320 664 1634 748; baseline 0.002 -24"><span class='ocrx_word' id='word_1_48' title='bbox 320 668 508 747; x_wconf 83' lang='lat' dir='ltr'><strong>ploma</strong></span> <span class='ocrx_word' id='word_1_49' title='bbox 538 672 747 748; x_wconf 76' lang='lat' dir='ltr'><strong>regium</strong></span> <span class='ocrx_word' id='word_1_50' title='bbox 778 665 1068 724; x_wconf 81' lang='lat' dir='ltr'><strong>exhibet.Is</strong></span> <span class='ocrx_word' id='word_1_51' title='bbox 1085 664 1134 724; x_wconf 86' lang='lat' dir='ltr'><strong>se</strong></span> <span class='ocrx_word' id='word_1_52' title='bbox 1150 668 1283 725; x_wconf 79' lang='lat' dir='ltr'><strong>vero</strong></span> <span class='ocrx_word' id='word_1_53' title='bbox 1305 667 1634 748; x_wconf 84' lang='lat' dir='ltr'><strong>obsequutu-</strong></span> 
     </span>
     <span class='ocr_line' id='line_1_9' title="bbox 319 742 1635 809; baseline 0.003 -4"><span class='ocrx_word' id='word_1_54' title='bbox 319 769 440 805; x_wconf 89' lang='lat' dir='ltr'><strong>rum</strong></span> <span class='ocrx_word' id='word_1_55' title='bbox 470 747 698 805; x_wconf 84' lang='lat' dir='ltr'><strong>libenter</strong></span> <span class='ocrx_word' id='word_1_56' title='bbox 714 751 815 804; x_wconf 85' lang='lat' dir='ltr'><strong>ait:</strong></span> <span class='ocrx_word' id='word_1_57' title='bbox 842 742 931 804; x_wconf 83' lang='lat' dir='ltr'><strong>sed</strong></span> <span class='ocrx_word' id='word_1_58' title='bbox 946 746 1072 805; x_wconf 90' lang='lat' dir='ltr'><strong>inde</strong></span> <span class='ocrx_word' id='word_1_59' title='bbox 1103 747 1360 805; x_wconf 85' lang='lat' dir='ltr'><strong>decedere</strong></span> <span class='ocrx_word' id='word_1_60' title='bbox 1391 749 1488 807; x_wconf 84' lang='lat' dir='ltr'><strong>sibi</strong></span> <span class='ocrx_word' id='word_1_61' title='bbox 1518 772 1635 809; x_wconf 88' lang='lat' dir='ltr'><strong>non</strong></span> 
     </span>
     <span class='ocr_line' id='line_1_10' title="bbox 317 827 1636 909; baseline 0.002 -23"><span class='ocrx_word' id='word_1_62' title='bbox 317 830 476 886; x_wconf 87' lang='lat' dir='ltr'><strong>licere</strong></span> <span class='ocrx_word' id='word_1_63' title='bbox 493 827 591 885; x_wconf 80' lang='lat' dir='ltr'><strong>nisi</strong></span> <span class='ocrx_word' id='word_1_64' title='bbox 611 845 919 885; x_wconf 84' lang='lat' dir='ltr'><strong>commeatu</strong></span> <span class='ocrx_word' id='word_1_65' title='bbox 935 828 1001 884; x_wconf 81' lang='lat' dir='ltr'><strong>ab</strong></span> <span class='ocrx_word' id='word_1_66' title='bbox 1016 831 1320 886; x_wconf 83' lang='lat' dir='ltr'><strong>Almirante</strong></span> <span class='ocrx_word' id='word_1_67' title='bbox 1337 849 1553 909; x_wconf 88' lang='lat' dir='ltr'><strong>accepto</strong></span> <span class='ocrx_word' id='word_1_68' title='bbox 1571 871 1588 897; x_wconf 83' lang='lat'>‚</span> <span class='ocrx_word' id='word_1_69' title='bbox 1606 831 1636 889; x_wconf 68' lang='grc' dir='ltr'>ὲ</span> 
     </span>
     <span class='ocr_line' id='line_1_11' title="bbox 317 906 1634 990; baseline 0.002 -24"><span class='ocrx_word' id='word_1_70' title='bbox 317 931 432 989; x_wconf 88' lang='lat' dir='ltr'><strong>quo</strong></span> <span class='ocrx_word' id='word_1_71' title='bbox 443 908 762 966; x_wconf 83' lang='lat' dir='ltr'><strong>coercendis</strong></span> <span class='ocrx_word' id='word_1_72' title='bbox 777 906 1061 965; x_wconf 80' lang='lat' dir='ltr'><strong>rebellibus</strong></span> <span class='ocrx_word' id='word_1_73' title='bbox 1080 916 1133 967; x_wconf 85' lang='lat'>&amp;</span> <span class='ocrx_word' id='word_1_74' title='bbox 1149 909 1382 990; x_wconf 68' lang='lat' dir='ltr'><strong>regende</strong></span> <span class='ocrx_word' id='word_1_75' title='bbox 1400 917 1634 989; x_wconf 85' lang='lat' dir='ltr'><strong>prouin-</strong></span> 
     </span>
     <span class='ocr_line' id='line_1_12' title="bbox 319 984 1633 1069; baseline 0.002 -22"><span class='ocrx_word' id='word_1_76' title='bbox 319 995 409 1047; x_wconf 82' lang='lat' dir='ltr'><strong>ciae</strong></span> <span class='ocrx_word' id='word_1_77' title='bbox 438 988 721 1069; x_wconf 83' lang='lat' dir='ltr'><strong>impositus</strong></span> <span class='ocrx_word' id='word_1_78' title='bbox 741 984 864 1046; x_wconf 81' lang='lat' dir='ltr'><strong>effet</strong></span> <span class='ocrx_word' id='word_1_79' title='bbox 880 1027 896 1054; x_wconf 83' lang='lat'>‚</span> <span class='ocrx_word' id='word_1_80' title='bbox 914 989 1089 1068; x_wconf 81' lang='lat' dir='ltr'><strong>quoad</strong></span> <span class='ocrx_word' id='word_1_81' title='bbox 1115 995 1419 1047; x_wconf 83' lang='lat' dir='ltr'><strong>mitteretur</strong></span> <span class='ocrx_word' id='word_1_82' title='bbox 1434 988 1633 1049; x_wconf 88' lang='lat' dir='ltr'><strong>succes-</strong></span> 
     </span>
     <span class='ocr_line' id='line_1_13' title="bbox 318 1067 1638 1153; baseline 0.001 -24"><span class='ocrx_word' id='word_1_83' title='bbox 318 1069 507 1135; x_wconf 64' lang='lat' dir='ltr'><strong>senlta</strong></span> <span class='ocrx_word' id='word_1_84' title='bbox 524 1067 688 1127; x_wconf 88' lang='lat' dir='ltr'><strong>elusus</strong></span> <span class='ocrx_word' id='word_1_85' title='bbox 717 1067 1036 1128; x_wconf 78' lang='lat' dir='ltr'><strong>sacerdoszac</strong></span> <span class='ocrx_word' id='word_1_86' title='bbox 1066 1092 1134 1126; x_wconf 91' lang='lat' dir='ltr'><strong>ne</strong></span> <span class='ocrx_word' id='word_1_87' title='bbox 1166 1070 1262 1149; x_wconf 84' lang='lat' dir='ltr'><strong>ipsi</strong></span> <span class='ocrx_word' id='word_1_88' title='bbox 1280 1071 1498 1150; x_wconf 84' lang='lat' dir='ltr'><strong>quidem</strong></span> <span class='ocrx_word' id='word_1_89' title='bbox 1528 1094 1638 1153; x_wconf 84' lang='lat' dir='ltr'><strong>po·-</strong></span> 
     </span>
     <span class='ocr_line' id='line_1_14' title="bbox 318 1147 1630 1228; baseline 0.002 -19"><span class='ocrx_word' id='word_1_90' title='bbox 318 1149 426 1209; x_wconf 84' lang='lat' dir='ltr'><strong>stea</strong></span> <span class='ocrx_word' id='word_1_91' title='bbox 439 1151 555 1209; x_wconf 84' lang='lat' dir='ltr'><strong>satis</strong></span> <span class='ocrx_word' id='word_1_92' title='bbox 571 1148 708 1208; x_wconf 86' lang='lat' dir='ltr'><strong>inter</strong></span> <span class='ocrx_word' id='word_1_93' title='bbox 725 1147 774 1208; x_wconf 92' lang='lat' dir='ltr'><strong>se</strong></span> <span class='ocrx_word' id='word_1_94' title='bbox 791 1149 1090 1208; x_wconf 85' lang='lat' dir='ltr'><strong>concordes</strong></span> <span class='ocrx_word' id='word_1_95' title='bbox 1107 1150 1416 1228; x_wconf 79' lang='lat' dir='ltr'><strong>procacibus</strong></span> <span class='ocrx_word' id='word_1_96' title='bbox 1446 1151 1630 1211; x_wconf 85' lang='lat' dir='ltr'><strong>verbis</strong></span> 
     </span>
     <span class='ocr_line' id='line_1_15' title="bbox 318 1228 1631 1309; baseline 0.001 -19"><span class='ocrx_word' id='word_1_97' title='bbox 318 1235 449 1290; x_wconf 82' lang='lat' dir='ltr'><strong>alter</strong></span> <span class='ocrx_word' id='word_1_98' title='bbox 467 1234 691 1290; x_wconf 87' lang='lat' dir='ltr'><strong>alterum</strong></span> <span class='ocrx_word' id='word_1_99' title='bbox 714 1228 1100 1309; x_wconf 78' lang='lat' dir='ltr'><strong>exasperabant.</strong></span> <span class='ocrx_word' id='word_1_100' title='bbox 1132 1231 1385 1289; x_wconf 89' lang='lat' dir='ltr'><strong>Tandem</strong></span> <span class='ocrx_word' id='word_1_101' title='bbox 1402 1235 1631 1292; x_wconf 68' lang='lat' dir='ltr'><strong>Doctor-</strong></span> 
     </span>
     <span class='ocr_line' id='line_1_16' title="bbox 319 1312 1631 1394; baseline -0.001 -22"><span class='ocrx_word' id='word_1_102' title='bbox 319 1312 415 1373; x_wconf 81' lang='lat' dir='ltr'><strong>vbi</strong></span> <span class='ocrx_word' id='word_1_103' title='bbox 441 1315 624 1394; x_wconf 86' lang='lat' dir='ltr'><strong>Regio</strong></span> <span class='ocrx_word' id='word_1_104' title='bbox 655 1312 910 1369; x_wconf 82' lang='lat' dir='ltr'><strong>mandato</strong></span> <span class='ocrx_word' id='word_1_105' title='bbox 941 1312 1078 1390; x_wconf 89' lang='lat' dir='ltr'><strong>apud</strong></span> <span class='ocrx_word' id='word_1_106' title='bbox 1109 1313 1417 1390; x_wconf 86' lang='lat' dir='ltr'><strong>Ocampum</strong></span> <span class='ocrx_word' id='word_1_107' title='bbox 1445 1335 1631 1392; x_wconf 83' lang='lat' dir='ltr'><strong>parum</strong></span> 
     </span>
     <span class='ocr_line' id='line_1_17' title="bbox 317 1391 1631 1460; baseline 0.002 -10"><span class='ocrx_word' id='word_1_108' title='bbox 317 1399 571 1451; x_wconf 82' lang='lat' dir='ltr'><strong>nomenti</strong></span> <span class='ocrx_word' id='word_1_109' title='bbox 590 1393 688 1451; x_wconf 77' lang='lat' dir='ltr'><strong>effe</strong></span> <span class='ocrx_word' id='word_1_110' title='bbox 718 1393 865 1451; x_wconf 88' lang='lat' dir='ltr'><strong>videt</strong></span> <span class='ocrx_word' id='word_1_111' title='bbox 882 1432 897 1458; x_wconf 83' lang='lat'>,</span> <span class='ocrx_word' id='word_1_112' title='bbox 919 1400 971 1451; x_wconf 84' lang='lat'>&amp;</span> <span class='ocrx_word' id='word_1_113' title='bbox 1004 1391 1052 1450; x_wconf 87' lang='lat' dir='ltr'><strong>se</strong></span> <span class='ocrx_word' id='word_1_114' title='bbox 1069 1393 1211 1450; x_wconf 85' lang='lat' dir='ltr'><strong>Vltro</strong></span> <span class='ocrx_word' id='word_1_115' title='bbox 1245 1392 1475 1450; x_wconf 88' lang='lat' dir='ltr'><strong>ludibrio</strong></span> <span class='ocrx_word' id='word_1_116' title='bbox 1511 1394 1631 1460; x_wconf 82' lang='lat' dir='ltr'><strong>effe,-</strong></span> 
     </span>
     <span class='ocr_line' id='line_1_18' title="bbox 317 1472 1633 1554; baseline 0.002 -23"><span class='ocrx_word' id='word_1_117' title='bbox 317 1476 675 1531; x_wconf 87' lang='lat' dir='ltr'><strong>Dominicam</strong></span> <span class='ocrx_word' id='word_1_118' title='bbox 705 1492 890 1553; x_wconf 86' lang='lat' dir='ltr'><strong>petere</strong></span> <span class='ocrx_word' id='word_1_119' title='bbox 920 1472 1154 1531; x_wconf 84' lang='lat' dir='ltr'><strong>intendit</strong></span> <span class='ocrx_word' id='word_1_120' title='bbox 1174 1511 1190 1538; x_wconf 85' lang='lat'>‚</span> <span class='ocrx_word' id='word_1_121' title='bbox 1210 1480 1262 1531; x_wconf 87' lang='lat'>&amp;</span> <span class='ocrx_word' id='word_1_122' title='bbox 1296 1473 1361 1531; x_wconf 90' lang='lat' dir='ltr'><strong>de</strong></span> <span class='ocrx_word' id='word_1_123' title='bbox 1398 1476 1633 1554; x_wconf 89' lang='lat' dir='ltr'><strong>Ocampi</strong></span> 
     </span>
     <span class='ocr_line' id='line_1_19' title="bbox 318 1558 1629 1636; baseline 0 -24"><span class='ocrx_word' id='word_1_124' title='bbox 318 1560 656 1613; x_wconf 78' lang='lat' dir='ltr'><strong>contumacia</strong></span> <span class='ocrx_word' id='word_1_125' title='bbox 673 1594 689 1619; x_wconf 85' lang='lat'>,</span> <span class='ocrx_word' id='word_1_126' title='bbox 708 1560 797 1634; x_wconf 89' lang='lat' dir='ltr'><strong>qui</strong></span> <span class='ocrx_word' id='word_1_127' title='bbox 814 1560 972 1636; x_wconf 80' lang='lat' dir='ltr'><strong>regiis</strong></span> <span class='ocrx_word' id='word_1_128' title='bbox 989 1559 1223 1632; x_wconf 85' lang='lat' dir='ltr'><strong>imperiis</strong></span> <span class='ocrx_word' id='word_1_129' title='bbox 1239 1575 1422 1632; x_wconf 86' lang='lat' dir='ltr'><strong>parere</strong></span> <span class='ocrx_word' id='word_1_130' title='bbox 1436 1558 1629 1623; x_wconf 86' lang='lat' dir='ltr'><strong>nollet,</strong></span> 
     </span>
     <span class='ocr_line' id='line_1_20' title="bbox 315 1635 1630 1717; baseline 0.001 -24"><span class='ocrx_word' id='word_1_131' title='bbox 315 1635 458 1717; x_wconf 83' lang='lat' dir='ltr'><strong>apud</strong></span> <span class='ocrx_word' id='word_1_132' title='bbox 471 1638 835 1693; x_wconf 87' lang='lat' dir='ltr'><strong>Almirantem</strong></span> <span class='ocrx_word' id='word_1_133' title='bbox 853 1641 1132 1714; x_wconf 85' lang='lat' dir='ltr'><strong>conqueri.</strong></span> <span class='ocrx_word' id='word_1_134' title='bbox 1164 1638 1476 1715; x_wconf 83' lang='lat' dir='ltr'><strong>Antequam</strong></span> <span class='ocrx_word' id='word_1_135' title='bbox 1510 1635 1630 1694; x_wconf 85' lang='lat' dir='ltr'><strong>abi-</strong></span> 
     </span>
     <span class='ocr_line' id='line_1_21' title="bbox 316 1714 1628 1796; baseline 0.001 -22"><span class='ocrx_word' id='word_1_136' title='bbox 316 1734 430 1782; x_wconf 81' lang='lat' dir='ltr'><strong>ret,</strong></span> <span class='ocrx_word' id='word_1_137' title='bbox 450 1716 600 1796; x_wconf 76' lang='lat' dir='ltr'><strong>quod</strong></span> <span class='ocrx_word' id='word_1_138' title='bbox 614 1718 822 1774; x_wconf 90' lang='lat' dir='ltr'><strong>Toleto</strong></span> <span class='ocrx_word' id='word_1_139' title='bbox 854 1714 988 1774; x_wconf 86' lang='lat' dir='ltr'><strong>vrbe</strong></span> <span class='ocrx_word' id='word_1_140' title='bbox 1017 1714 1082 1772; x_wconf 87' lang='lat' dir='ltr'><strong>ab</strong></span> <span class='ocrx_word' id='word_1_141' title='bbox 1114 1717 1368 1794; x_wconf 86' lang='lat' dir='ltr'><strong>Ocampo</strong></span> <span class='ocrx_word' id='word_1_142' title='bbox 1401 1716 1628 1775; x_wconf 85' lang='lat' dir='ltr'><strong>exclusus</strong></span> 
     </span>
     <span class='ocr_line' id='line_1_22' title="bbox 316 1795 1629 1879; baseline 0.002 -24"><span class='ocrx_word' id='word_1_143' title='bbox 316 1798 707 1879; x_wconf 83' lang='lat' dir='ltr'><strong>esset‚ligneum</strong></span> <span class='ocrx_word' id='word_1_144' title='bbox 724 1795 1003 1855; x_wconf 75' lang='lat' dir='ltr'><strong>aedificium</strong></span> <span class='ocrx_word' id='word_1_145' title='bbox 1024 1801 1217 1875; x_wconf 88' lang='lat' dir='ltr'><strong>raptim</strong></span> <span class='ocrx_word' id='word_1_146' title='bbox 1235 1795 1629 1878; x_wconf 77' lang='lat' dir='ltr'><strong>exstruitzatque</strong></span> 
     </span>
     <span class='ocr_line' id='line_1_23' title="bbox 316 1877 1628 1957; baseline 0.001 -21"><span class='ocrx_word' id='word_1_147' title='bbox 316 1877 393 1937; x_wconf 84' lang='lat' dir='ltr'><strong>ibi</strong></span> <span class='ocrx_word' id='word_1_148' title='bbox 411 1877 664 1957; x_wconf 84' lang='lat' dir='ltr'><strong>depositis</strong></span> <span class='ocrx_word' id='word_1_149' title='bbox 683 1878 1087 1957; x_wconf 78' lang='lat' dir='ltr'><strong>impedimentis</strong></span> <span class='ocrx_word' id='word_1_150' title='bbox 1120 1884 1173 1935; x_wconf 72' lang='grc' dir='ltr'><strong>δε</strong></span> <span class='ocrx_word' id='word_1_151' title='bbox 1207 1883 1361 1934; x_wconf 88' lang='lat' dir='ltr'><strong>omni</strong></span> <span class='ocrx_word' id='word_1_152' title='bbox 1377 1882 1628 1937; x_wconf 75' lang='lat' dir='ltr'><strong>comeatu</strong></span> 
     </span>
     <span class='ocr_line' id='line_1_24' title="bbox 316 1955 1623 2041; baseline 0.001 -25"><span class='ocrx_word' id='word_1_153' title='bbox 316 1962 424 2041; x_wconf 72' lang='lat' dir='ltr'><strong>qu&#39;e&#39;</strong></span> <span class='ocrx_word' id='word_1_154' title='bbox 440 1981 502 2016; x_wconf 86' lang='lat' dir='ltr'><strong>ex</strong></span> <span class='ocrx_word' id='word_1_155' title='bbox 517 1956 770 2038; x_wconf 80' lang='lat' dir='ltr'><strong>Hispania</strong></span> <span class='ocrx_word' id='word_1_156' title='bbox 786 1957 1047 2015; x_wconf 80' lang='lat' dir='ltr'><strong>detulerat</strong></span> <span class='ocrx_word' id='word_1_157' title='bbox 1064 1997 1079 2022; x_wconf 83' lang='lat'>,</span> <span class='ocrx_word' id='word_1_158' title='bbox 1099 1960 1323 2037; x_wconf 87' lang='lat' dir='ltr'><strong>Equites</strong></span> <span class='ocrx_word' id='word_1_159' title='bbox 1342 1960 1462 2015; x_wconf 85' lang='lat' dir='ltr'><strong>illos</strong></span> <span class='ocrx_word' id='word_1_160' title='bbox 1483 1955 1623 2026; x_wconf 77' lang='lat' dir='ltr'><strong>su08‚</strong></span> 
     </span>
     <span class='ocr_line' id='line_1_25' title="bbox 314 2037 1625 2120; baseline 0.002 -24"><span class='ocrx_word' id='word_1_161' title='bbox 314 2039 497 2120; x_wconf 77' lang='lat' dir='ltr'><strong>quoad</strong></span> <span class='ocrx_word' id='word_1_162' title='bbox 513 2040 789 2104; x_wconf 86' lang='lat' dir='ltr'><strong>rediret,in</strong></span> <span class='ocrx_word' id='word_1_163' title='bbox 806 2037 1048 2117; x_wconf 80' lang='lat' dir='ltr'><strong>praefidio</strong></span> <span class='ocrx_word' id='word_1_164' title='bbox 1067 2038 1477 2118; x_wconf 87' lang='lat' dir='ltr'><strong>relinquit.Inde</strong></span> <span class='ocrx_word' id='word_1_165' title='bbox 1497 2038 1625 2098; x_wconf 87' lang='lat' dir='ltr'><strong>abi-t:</strong></span> 
     </span>
     <span class='ocr_line' id='line_1_26' title="bbox 313 2118 1627 2200; baseline -0.002 -21"><span class='ocrx_word' id='word_1_166' title='bbox 313 2127 503 2200; x_wconf 83' lang='lat' dir='ltr'><strong>neque</strong></span> <span class='ocrx_word' id='word_1_167' title='bbox 540 2123 714 2178; x_wconf 89' lang='lat' dir='ltr'><strong>multo</strong></span> <span class='ocrx_word' id='word_1_168' title='bbox 755 2118 878 2198; x_wconf 72' lang='lat' dir='ltr'><strong>post</strong></span> <span class='ocrx_word' id='word_1_169' title='bbox 926 2122 1202 2198; x_wconf 85' lang='lat' dir='ltr'><strong>Ocampus</strong></span> <span class='ocrx_word' id='word_1_170' title='bbox 1244 2140 1461 2198; x_wconf 85' lang='lat' dir='ltr'><strong>quoque</strong></span> <span class='ocrx_word' id='word_1_171' title='bbox 1503 2142 1627 2178; x_wconf 89' lang='lat' dir='ltr'><strong>cum</strong></span> 
     </span>
     <span class='ocr_line' id='line_1_27' title="bbox 315 2198 1628 2280; baseline 0.001 -22"><span class='ocrx_word' id='word_1_172' title='bbox 315 2207 548 2279; x_wconf 81' lang='lat' dir='ltr'><strong>maxima</strong></span> <span class='ocrx_word' id='word_1_173' title='bbox 577 2203 811 2258; x_wconf 89' lang='lat' dir='ltr'><strong>militum</strong></span> <span class='ocrx_word' id='word_1_174' title='bbox 830 2217 978 2280; x_wconf 87' lang='lat' dir='ltr'><strong>parte</strong></span> <span class='ocrx_word' id='word_1_175' title='bbox 1009 2200 1249 2270; x_wconf 72' lang='lat' dir='ltr'><strong>decedit,</strong></span> <span class='ocrx_word' id='word_1_176' title='bbox 1269 2199 1419 2278; x_wconf 76' lang='lat' dir='ltr'><strong>quod</strong></span> <span class='ocrx_word' id='word_1_177' title='bbox 1448 2198 1628 2280; x_wconf 83' lang='lat' dir='ltr'><strong>spoliis</strong></span> 
     </span>
     <span class='ocr_line' id='line_1_28' title="bbox 314 2279 1630 2360; baseline 0.001 -22"><span class='ocrx_word' id='word_1_178' title='bbox 314 2281 584 2338; x_wconf 87' lang='lat' dir='ltr'><strong>Indorum</strong></span> <span class='ocrx_word' id='word_1_179' title='bbox 614 2280 794 2338; x_wconf 87' lang='lat' dir='ltr'><strong>onusti</strong></span> <span class='ocrx_word' id='word_1_180' title='bbox 828 2305 885 2339; x_wconf 88' lang='lat' dir='ltr'><strong>ac</strong></span> <span class='ocrx_word' id='word_1_181' title='bbox 903 2281 1175 2345; x_wconf 88' lang='lat' dir='ltr'><strong>diuites‚in</strong></span> <span class='ocrx_word' id='word_1_182' title='bbox 1191 2279 1366 2360; x_wconf 85' lang='lat' dir='ltr'><strong>praeda</strong></span> <span class='ocrx_word' id='word_1_183' title='bbox 1382 2287 1435 2338; x_wconf 86' lang='lat'>&amp;</span> <span class='ocrx_word' id='word_1_184' title='bbox 1465 2285 1630 2340; x_wconf 80' lang='lat' dir='ltr'><strong>vnio-</strong></span> 
     </span>
     <span class='ocr_line' id='line_1_29' title="bbox 313 2357 1549 2420; baseline -0.001 0"><span class='ocrx_word' id='word_1_185' title='bbox 313 2360 471 2420; x_wconf 86' lang='lat' dir='ltr'><strong>nibus</strong></span> <span class='ocrx_word' id='word_1_186' title='bbox 490 2362 791 2420; x_wconf 89' lang='lat' dir='ltr'><strong>diuidendis</strong></span> <span class='ocrx_word' id='word_1_187' title='bbox 807 2368 862 2418; x_wconf 90' lang='lat' dir='ltr'><strong>in</strong></span> <span class='ocrx_word' id='word_1_188' title='bbox 880 2357 1256 2419; x_wconf 79' lang='lat' dir='ltr'><strong>dissensionem</strong></span> <span class='ocrx_word' id='word_1_189' title='bbox 1272 2358 1549 2419; x_wconf 86' lang='lat' dir='ltr'><strong>veniffent.</strong></span> 
     </span>
    </p>

    <p class='ocr_par' dir='ltr' id='par_1_4' title="bbox 311 2443 1628 2847">
     <span class='ocr_line' id='line_1_30' title="bbox 395 2443 1622 2524; baseline -0.001 -24"><span class='ocrx_word' id='word_1_190' title='bbox 395 2445 486 2500; x_wconf 67' lang='lat' dir='ltr'><strong>Cv‘</strong></span> <span class='ocrx_word' id='word_1_191' title='bbox 498 2463 542 2500; x_wconf 88' lang='lat' dir='ltr'><strong>M</strong></span> <span class='ocrx_word' id='word_1_192' title='bbox 555 2464 590 2498; x_wconf 89' lang='lat' dir='ltr'>A</span> <span class='ocrx_word' id='word_1_193' title='bbox 602 2464 643 2500; x_wconf 87' lang='lat' dir='ltr'>N</span> <span class='ocrx_word' id='word_1_194' title='bbox 656 2465 694 2499; x_wconf 92' lang='lat' dir='ltr'>A</span> <span class='ocrx_word' id='word_1_195' title='bbox 705 2466 737 2501; x_wconf 82' lang='lat' dir='ltr'><strong>E</strong></span> <span class='ocrx_word' id='word_1_196' title='bbox 774 2445 962 2524; x_wconf 82' lang='lat' dir='ltr'><strong>reguli,</strong></span> <span class='ocrx_word' id='word_1_197' title='bbox 981 2465 1148 2522; x_wconf 90' lang='lat' dir='ltr'><strong>quum</strong></span> <span class='ocrx_word' id='word_1_198' title='bbox 1167 2443 1477 2520; x_wconf 87' lang='lat' dir='ltr'><strong>Ocampum</strong></span> <span class='ocrx_word' id='word_1_199' title='bbox 1497 2464 1622 2500; x_wconf 91' lang='lat' dir='ltr'><strong>cum</strong></span> 
     </span>
     <span class='ocr_line' id='line_1_31' title="bbox 314 2519 1628 2602; baseline 0 -22"><span class='ocrx_word' id='word_1_200' title='bbox 314 2529 548 2580; x_wconf 85' lang='lat' dir='ltr'><strong>maxima</strong></span> <span class='ocrx_word' id='word_1_201' title='bbox 576 2529 831 2581; x_wconf 85' lang='lat' dir='ltr'><strong>exercitus</strong></span> <span class='ocrx_word' id='word_1_202' title='bbox 851 2541 998 2602; x_wconf 85' lang='lat' dir='ltr'><strong>parte</strong></span> <span class='ocrx_word' id='word_1_203' title='bbox 1027 2520 1203 2580; x_wconf 82' lang='lat' dir='ltr'><strong>abiisse</strong></span> <span class='ocrx_word' id='word_1_204' title='bbox 1217 2519 1628 2602; x_wconf 84' lang='lat' dir='ltr'><strong>cognoscerent,</strong></span> 
     </span>
     <span class='ocr_line' id='line_1_32' title="bbox 312 2600 1627 2683; baseline -0.001 -21"><span class='ocrx_word' id='word_1_205' title='bbox 312 2625 492 2683; x_wconf 79' lang='lat' dir='ltr'><strong>neque</strong></span> <span class='ocrx_word' id='word_1_206' title='bbox 521 2605 658 2662; x_wconf 87' lang='lat' dir='ltr'><strong>vllos</strong></span> <span class='ocrx_word' id='word_1_207' title='bbox 674 2601 927 2682; x_wconf 87' lang='lat' dir='ltr'><strong>superesse</strong></span> <span class='ocrx_word' id='word_1_208' title='bbox 945 2603 1098 2672; x_wconf 89' lang='lat' dir='ltr'><strong>simul</strong></span> <span class='ocrx_word' id='word_1_209' title='bbox 1126 2600 1458 2661; x_wconf 88' lang='lat' dir='ltr'><strong>Christianos</strong></span> <span class='ocrx_word' id='word_1_210' title='bbox 1489 2625 1627 2681; x_wconf 83' lang='lat' dir='ltr'><strong>prae-</strong></span> 
     </span>
     <span class='ocr_line' id='line_1_33' title="bbox 312 2680 1621 2763; baseline 0 -21"><span class='ocrx_word' id='word_1_211' title='bbox 312 2703 398 2742; x_wconf 88' lang='lat' dir='ltr'><strong>ter</strong></span> <span class='ocrx_word' id='word_1_212' title='bbox 415 2706 509 2742; x_wconf 91' lang='lat' dir='ltr'><strong>eos</strong></span> <span class='ocrx_word' id='word_1_213' title='bbox 526 2690 616 2763; x_wconf 89' lang='lat' dir='ltr'><strong>qui</strong></span> <span class='ocrx_word' id='word_1_214' title='bbox 649 2685 678 2742; x_wconf 72' lang='lat' dir='ltr'><strong>a</strong></span> <span class='ocrx_word' id='word_1_215' title='bbox 705 2687 966 2742; x_wconf 67' lang='lat' dir='ltr'><strong>Doctore</strong></span> <span class='ocrx_word' id='word_1_216' title='bbox 981 2683 1222 2762; x_wconf 82' lang='lat' dir='ltr'><strong>praesidio</strong></span> <span class='ocrx_word' id='word_1_217' title='bbox 1241 2684 1409 2740; x_wconf 63' lang='lat' dir='ltr'><strong>relicti</strong></span> <span class='ocrx_word' id='word_1_218' title='bbox 1437 2680 1621 2743; x_wconf 81' lang='lat' dir='ltr'><strong>effent:</strong></span> 
     </span>
     <span class='ocr_line' id='line_1_34' title="bbox 311 2762 1625 2847; baseline -0.008 -17"><span class='ocrx_word' id='word_1_219' title='bbox 311 2781 527 2841; x_wconf 73' lang='lat' dir='ltr'><strong>ceteros</strong></span> <span class='ocrx_word' id='word_1_220' title='bbox 540 2768 745 2846; x_wconf 83' lang='lat' dir='ltr'><strong>palatos</strong></span> <span class='ocrx_word' id='word_1_221' title='bbox 763 2772 817 2827; x_wconf 86' lang='lat'>&amp;</span> <span class='ocrx_word' id='word_1_222' title='bbox 835 2762 1089 2846; x_wconf 85' lang='lat' dir='ltr'><strong>dispersos</strong></span> <span class='ocrx_word' id='word_1_223' title='bbox 1118 2785 1216 2847; x_wconf 77' lang='lat' dir='ltr'><strong>per</strong></span> <span class='ocrx_word' id='word_1_224' title='bbox 1246 2786 1331 2824; x_wconf 87' lang='lat' dir='ltr'><strong>eas</strong></span> <span class='ocrx_word' id='word_1_225' title='bbox 1346 2782 1510 2826; x_wconf 89' lang='lat' dir='ltr'><strong>terras</strong></span> <span class='ocrx_word' id='word_1_226' title='bbox 1530 2785 1625 2824; x_wconf 86' lang='lat' dir='ltr'><strong>va-</strong></span> 
     </span>
    </p>

    <p class='ocr_par' dir='ltr' id='par_1_5' title="bbox 561 2857 1626 2925">
     <span class='ocr_line' id='line_1_35' title="bbox 561 2857 1626 2925; baseline 0.001 -25"><span class='ocrx_word' id='word_1_227' title='bbox 561 2873 566 2878; x_wconf 93' lang='lat'><em>·</em></span> <span class='ocrx_word' id='word_1_228' title='bbox 591 2881 594 2883; x_wconf 93' lang='lat'>-</span> <span class='ocrx_word' id='word_1_229' title='bbox 673 2881 676 2884; x_wconf 88' lang='lat'><strong>·</strong></span> <span class='ocrx_word' id='word_1_230' title='bbox 1512 2857 1626 2925; x_wconf 70' lang='lat' dir='ltr'><strong>gart</strong></span> 
     </span>
    </p>
   </div>
  </div>
 </body>
</html>
