1690 3094
374 80 412 122 L
453 80 476 120 1
516 80 548 118 B
586 81 620 118 Ε
656 79 698 120 R
802 79 826 118 1
853 82 875 119 1
903 78 951 120 1³.
1283 85 1377 143 371

50 142 140 204 los
155 140 448 202 indonatos
464 149 520 204 &
576 145 885 200 raemiorum
902 155 1144 223 expertes
1161 163 1376 224 preter-

55 228 205 283 mitti
237 221 539 286 videre‚ve
583 239 830 282 cruenter
859 229 1117 305 conqueri
1148 229 1214 282 de
1229 231 1376 285 Prae-

52 302 167 364 fide
184 325 241 361 ac
255 299 489 362 fremere
505 302 688 383 aperte
718 321 1019 382 coeperunt.
1055 304 1374 368 Mulcebant:

51 389 222 445 iratos
235 385 494 468 benignis
509 382 705 444 verbis·
722 382 827 464 ipse
844 392 899 444 &
919 382 1372 466 Archiepiscopus

53 483 319 546 quantum
349 482 635 545 poterant:
656 463 766 524 Sibi
782 465 1001 545 quidem
1036 487 1153 523 non
1173 464 1272 526 effe
1309 473 1368 529 in

54 543 332 625 praesentia
348 544 760 625 dicente3‚quod
777 549 911 605 vltra
926 549 1259 627 largirentur:
1278 546 1369 607 sed

50 627 204 685 breui
221 626 439 686 daturos
453 632 619 706 opera
632 645 692 684 vt
710 646 903 685 omnes
921 626 1142 707 dignam
1159 635 1371 688 meritis

51 712 281 788 gratiam
314 702 593 766 referrent.
644 706 749 765 Sed
776 710 851 766 illi
884 708 1039 765 dietis
1060 706 1369 787 vsqueadeo

48 810 167 846 non
183 789 523 869 placabantur
542 827 558 855 ‚
577 807 637 846 vt
654 793 817 846 etiam
849 788 1110 847 vecordes
1143 786 1368 850 seditio-
1381 811 1390 819 ’-

48 867 116 927 fis
133 892 191 928 ac
220 869 625 928 contumeliosis
649 868 875 928 vocibus
908 874 1292 950 eosincrepare
1309 880 1368 932 &

41 945 372 1010 *ferocissime
389 950 619 1031 obloqui
638 950 916 1010 auderent,

125 1033 173 1088 E
196 1053 233 1088 A
263 1054 302 1092 R
325 1054 360 1088 v
385 1051 431 1089 M
463 1033 667 1112 aliquot
696 1031 838 1089 haud
868 1030 1082 1112 illepida
1118 1034 1363 1112 exempla

44 1107 293 1171 referam.
325 1112 488 1170 Haud
506 1115 685 1170 multis
703 1111 895 1171 abhinc
912 1118 1064 1170 annis
1082 1113 1363 1175 ,Cordubae

46 1192 320 1252 Monacha
336 1202 473 1270 erat(
487 1193 870 1275 Magdalenam
889 1193 955 1251 de
976 1196 1153 1252 Cruce
1171 1196 1359 1273 appel-

43 1275 259 1342 labant)
279 1298 395 1334 non
409 1274 622 1333 tantum
639 1274 812 1355 plebis
830 1279 1091 1355 opinione
1108 1314 1124 1340 ‚
1143 1271 1230 1332 sed
1246 1279 1359 1334 Hi-

42 1353 232 1434 spaniae
248 1378 466 1437 quoque
495 1378 783 1436 procerum
814 1357 1013 1414 iudicio
1028 1377 1130 1434 pro
1150 1356 1269 1414 diua
1299 1363 1358 1415 δε

42 1435 255 1496 fatidica
283 1438 448 1518 vulgo
465 1437 661 1495 habita.
696 1442 853 1518 Qu
881 1434 986 1516 ipse
1004 1437 1177 1496 Caesar
1195 1458 1361 1516 expe-

42 1519 315 1576 ditionem
332 1520 530 1576 nullam
550 1514 659 1576 fere
675 1537 761 1575 aut
775 1525 1052 1597 inceptum
1068 1519 1359 1600 aggrediea

43 1598 201 1664 batur
216 1638 233 1664 ‚
249 1618 309 1657 vt
325 1599 390 1657 ad
409 1622 526 1657 eam
543 1602 690 1657 velut
706 1598 770 1656 ad
787 1601 1061 1657 oraculum
1091 1622 1205 1657 non
1224 1605 1359 1656 mit-

41 1673 181 1739 teret
212 1677 537 1762 rogare'tque
551 1699 610 1739 vt
626 1677 748 1738 fusis
763 1703 864 1760 pro
881 1679 931 1738 se
962 1678 1209 1760 precibus
1238 1701 1359 1740 rem

42 1762 177 1819 Deo
197 1761 889 1820 commendaret0Tandem
907 1760 1192 1842 aliquando
1209 1756 1355 1819 frau-
1421 1817 1427 1827 ,
1452 1815 1460 1828 ,
1550 1814 1554 1817 ,

39 1842 112 1904 de
127 1838 389 1921 p⁴atefa6³ca
407 1883 422 1906 ,
442 1861 786 1923 compertum
805 1841 881 1900 est
907 1841 1214 1923 sortilegam
1235 1865 1353 1900 eam
1372 1817 1554 1924 pingui?

40 1925 324 1986 mulierem
344 1922 461 1988 effe,
480 1921 637 2004 eique
655 1946 776 1982 cum
795 1922 1018 1982 diabolo
1036 1921 1352 1981 familiarem
1375 1929 1556 2018 Gasfasfgk
1588 1973 1599 1981 ,

44 2001 488 2065 consuetudinem
507 2001 1214 2063 intercedere.Eiusccmodi
1227 2006 1356 2062 Ma-
1370 1983 1465 2022 salse
1476 1978 1518 2023 ‘h
1558 1989 1598 2031 ³⁹

45 2085 329 2167 gdalenam
348 2084 415 2143 de
449 2088 626 2144 Cruce
643 2082 809 2165 ipsum
841 2085 1124 2143 Praefidem
1145 2085 1245 2149 esse
1263 2124 1279 2151 ‚
1305 2090 1356 2145 ei

44 2172 103 2223 in
123 2187 186 2222 os
204 2166 552 2246 exprobrauit
570 2170 723 2224 miles
742 2206 758 2232 ‚
786 2166 1020 2249 eumque
1036 2171 1158 2224 iniri
1177 2168 1206 2224 ὲ
1237 2167 1353 2224 dia-

42 2245 214 2304 bolo:
248 2245 728 2327 Archiepiscopum
745 2247 993 2306 videlicet
1013 2252 1076 2304 iis
1105 2246 1356 2328 ambagi-

41 2326 144 2384 bus
173 2325 456 2409 designans
488 2367 506 2394 ‚
538 2329 687 2409 quod
713 2324 904 2386 Praeses
934 2327 1070 2387 nihil
1099 2327 1211 2386 fine
1242 2336 1357 2394 eius

43 2407 271 2467 consilio
289 2415 343 2467 δε
359 2406 621 2467 sententia
635 2429 835 2491 ageret.
1406 2414 1409 2417 ’

120 2493 177 2545 A
198 2510 232 2546 L
260 2511 281 2546 1
302 2510 340 2548 v
363 2509 385 2546 s
420 2489 657 2556 obiecit,
689 2489 1000 2549 astutiorem
1032 2511 1101 2549 eo
1133 2492 1356 2570 vulpem

16 2614 17 2617 ,
38 2571 172 2628 -caelo
220 2591 336 2627 non
384 2575 519 2652 tegi.
583 2575 738 2630 Alius
783 2566 966 2630 furens
1013 2578 1069 2630 &
1099 2569 1276 2651 exspes
1306 2575 1379 2633 ei,

41 2649 175 2714 dixit
190 2689 209 2720 ,
238 2654 303 2710 Se
345 2657 405 2710 in
446 2650 991 2732 quamremotisfimas
1032 2671 1198 2711 terras
1240 2650 1362 2728 abi-7

1009 2734 1063 2790 A
1127 2734 1164 2810 ἢ
