1690 3094
383 97 475 137 IN
551 94 1047 135 FLoanAM.
1274 71 1387 152 457

72 155 350 219 Christum
370 162 564 217 Filium
595 177 749 215 tuum
781 157 946 214 nobis
963 153 1152 215 dedisti
1168 194 1184 220 ‚
1201 156 1383 214 locum
1408 171 1452 201 (θ

68 243 261 300 demus
291 244 491 298 Satanae
521 279 539 306 ‚
575 234 884 298 diffidentiae
917 235 1386 316 ac'desperationis
1409 253 1451 281 (ί

68 320 441 402 spiritui.Nam
459 319 546 380 seu
563 325 875 385 moriamur,
894 342 996 377 nos
1014 317 1114 391 tibi
1132 319 1270 375 velle
1287 339 1384 373 mo
1409 334 1454 363 <c

65 409 318 469 ri‚coram
335 402 612 461 Maiestate
628 421 719 458 tua
734 398 818 458 hic
837 400 1108 458 testamur:
1120 396 1218 456 *seu
1232 403 1384 457 viua-
1407 414 1450 444 ‘c

64 507 186 543 mus
204 526 217 548 ‚
247 507 368 543 non
385 485 461 542 ob
480 482 619 542 aliud
635 483 875 541 vifcuros
891 521 908 548 ‚
939 481 1038 539 nisi
1055 500 1118 540 vt
1134 481 1385 538 miracula
1410 496 1454 525 (ς

62 584 153 625 tua
170 573 226 626 in
244 565 429 624 medio
446 562 690 624 Ecclefiae
708 570 762 623 &
794 583 941 622 coetu
957 561 1234 622 seruorum
1250 579 1383 619 tuo-
1404 579 1451 608 cc

60 670 182 708 rum
201 670 529 706 enarremus,
1403 660 1449 689 (ί

137 735 198 789 H
220 753 240 788 1
269 751 289 786 s
311 731 559 810 precibus
576 733 852 808 conceptis
870 768 886 795 ,
920 728 1059 808 aegre
1093 726 1159 783 ad
1189 747 1385 783 nemus
1444 722 1450 729 ⁴

57 812 459 870 contendimus·
494 812 602 870 Sedv
628 817 771 891 prius
788 811 1126 868 traiiciendus
1160 826 1270 866 erat
1294 813 1389 864 in·-

56 915 193 975 gens
211 915 295 951 am
304 898 385 950 nis
403 933 418 958 ‚
439 917 499 951 ea
513 912 663 973 prata
676 892 992 950 interfluens
1014 915 1026 947 :
1045 895 1189 949 cuius
1205 891 1386 946 alueus

56 975 340 1033 latitudine
357 975 576 1054 quidem
608 975 824 1032 modica
842 1014 856 1039 ,
877 971 965 1032 sed
981 969 1243 1031 immensa
1260 973 1384 1027 alti-⁴-

53 1056 436 1122 tudine‚trfifiri
465 1052 609 1135 poss'e
626 1056 768 1114 vado
783 1055 929 1136 spem
947 1055 1382 1132 ademerattprae-
1437 1084 1440 1091 ·

53 1134 235 1197 sertim
252 1159 418 1218 quum
434 1140 664 1217 procliui
694 1138 759 1195 ad
776 1159 921 1195 mare
939 1158 1133 1215 campo
1149 1176 1165 1201 ‚
1183 1152 1380 1214 praera-
1400 1182 1436 1219 D
1442 1190 1511 1219 eus
1545 1173 1623 1231 Pei

53 1219 182 1299 pida
213 1222 481 1277 celeritate
509 1241 665 1300 aquas
697 1221 990 1277 euolueret.
1026 1222 1184 1276 Hinc
1214 1215 1376 1275 nobis
1399 1238 1511 1277 inuia
1544 1214 1634 1286 piis*v

53 1299 400 1359 rursus‘noua
428 1301 675 1358 laborum
705 1297 893 1359 facies:
926 1322 1095 1357 nemo
1126 1295 1380 1357 nostrum
1400 1293 1510 1333 viam
1524 1287 1620 1331 faci:

54 1386 406 1441 committere
437 1381 487 1440 se
502 1387 761 1463 praecipiti
789 1385 942 1440 alueo
960 1389 1013 1440 δε
1031 1399 1211 1438 natatu
1228 1387 1381 1461 peri-

55 1466 223 1521 clitari
240 1463 483 1522 audebat.
517 1470 583 1522 In
597 1484 743 1521 tanta
758 1486 938 1521 rerum
955 1458 1264 1538 difficultate
1278 1461 1380 1542 'he-

52 1543 508 1611 fitantibu8‚ve11it
525 1545 658 1604 mihi
674 1551 731 1602 in
748 1564 995 1603 mentem
1014 1546 1195 1602 reliffita
1209 1544 1378 1603 nobis

51 1626 119 1684 ab
136 1646 298 1709 tergo
317 1627 471 1687 silua:
491 1635 668 1709 itaque
683 1624 856 1685 socios
874 1627 937 1685 ad
954 1628 1296 1684 tolerantiam
1316 1633 1376 1686 δε

52 1706 260 1766 bonam
276 1707 422 1789 spem
455 1708 768 1767 cohortatus
787 1709 854 1767 eo
870 1716 1117 1767 reuertor
1132 1747 1150 1773 ‚
1171 1714 1225 1766 &
1241 1710 1376 1768 lon-

53 1811 185 1869 gum
201 1813 414 1848 ramum
430 1790 602 1850 fabrili
623 1793 717 1849 illo
745 1789 945 1871 scalpro
975 1812 1098 1849 cum
1131 1811 1243 1870 quo
1274 1791 1375 1848 de·-

51 1868 337 1951 prehensus
365 1867 569 1930 fueram
588 1913 604 1939 ‚
624 1892 868 1953 amputo.
900 1872 1039 1930 Mox
1053 1871 1120 1930 ad
1147 1869 1371 1929 nostros
1416 1890 1419 1892 ’

55 1950 312 2033 regressus
329 1959 420 2033 qui
437 1976 526 2012 me
545 1954 694 2012 anxie
711 1952 1364 2036 exspeestabant,Agedum
1386 1966 1442 2008 nt,

50 2030 859 2115 (inquam)fratres:experiamur
874 2059 940 2093 an
955 2033 1108 2094 huius
1122 2035 1363 2117 longurij
1386 2050 1428 2080 (Ε

47 2136 158 2193 ope
188 2118 341 2174 Deus
369 2117 433 2174 ad
465 2116 857 2196 perficiendum
886 2124 987 2176 iter
1009 2139 1111 2174 nos
1129 2116 1361 2175 adiuuet.
1385 2128 1427 2161 (ἰ

45 2198 215 2253 Simul
241 2198 554 2280 longurium
573 2199 603 2256 a
629 2205 841 2257 terrain
869 2193 1089 2256 amnem
1121 2203 1367 2281 porrigi-
1419 2190 1433 2201 ⁴

48 2299 189 2335 mus:
208 2277 480 2360 quumque
498 2303 613 2339 non
629 2282 805 2360 plures
817 2304 930 2340 vno
947 2285 1114 2338 traiici
1129 2277 1364 2360 possent,

47 2363 130 2417 cui
147 2364 328 2438 primo
345 2360 565 2442 obtigit,
584 2369 626 2419 is
640 2365 795 2444 ligno
815 2362 1047 2420 infidens
1064 2383 1253 2442 aquam
1270 2366 1363 2419 in-

44 2440 315 2521 greditur:
337 2456 455 2500 ‘nos
483 2443 687 2501 tamdiu
720 2450 931 2523 perticae
950 2446 1174 2501 aiterum
1203 2461 1364 2522 caput

43 2527 397 2588 retinuimus,
430 2525 610 2604 quoad
637 2522 745 2583 fere
776 2525 847 2600 ad·
871 2524 1114 2583 medium
1144 2526 1359 2582 alueum

41 2598 269 2661 enasset:
299 2622 417 2661 tum
435 2628 502 2663 ne
516 2603 738 2663 secunda
766 2629 898 2687 aqua
913 2601 1284 2683 deferretur‚vi
1301 2609 1360 2665 in

41 2683 262 2740 alteram
303 2691 476 2767 ripam
519 2687 862 2766 impellimus·
909 2685 994 2747 lbi
1037 2685 1357 2744 exstantium

37 2782 326 2830 cannarum
357 2763 681 2853 aliarumque
707 2766 997 2831 herbarum
1024 2767 1359 2850 adminiqtilo
