1690 3094
292 109 380 179 1136
569 123 1383 166 HlsT.N0v101³B13

293 189 350 240 in
365 182 514 244 serusi
541 182 969 241 animaduertere
1007 186 1165 242 vellet
1183 184 1290 241 siue
1308 183 1382 241 ob
1399 182 1593 244 admis-

290 260 407 327 sum
437 260 758 330 malefcmm,
792 264 898 321 siue
928 262 1002 321 ob
1032 286 1147 321 non
1177 261 1508 322 lucrifactum
1530 271 1594 324 n&

291 343 564 402 redditum
583 342 823 408 diarium,
842 346 928 401 vel
944 366 1253 423 quacunque
1275 347 1370 400 alia
1388 343 1453 400 de
1471 365 1596 401 cau·-

292 423 341 483 sa
355 423 521 481 bilem
539 425 608 480 illi
628 420 893 489 mouisset,
912 426 997 482 vel
1014 424 1088 480 ob
1107 423 1290 503 pesum
1308 445 1423 482 non
1440 444 1597 501 pera·
1626 458 1629 460 -

294 505 443 562 &um
461 542 477 568 ‚
508 525 605 560 nec
625 526 742 560 eam
760 509 868 561 auri
886 522 971 561 aut
988 510 1194 586 argenti
1212 510 1323 562 vim
1342 501 1598 569 effossam,

294 602 547 664 quantam
564 582 987 664 solebat:vesperi
1005 585 1234 641 domum
1252 588 1596 649 reuerteteim

292 667 418 721 loco
435 685 621 729 coenae‚
643 686 828 721 exuere
857 664 1126 722 indusium
1158 663 1376 722 iubebat
1396 703 1410 728 ‚
1447 665 1598 744 fiquo

293 743 434 801 forte
457 745 581 802 esset
596 746 819 802 amictus
837 767 850 800 ε
871 751 925 804 &
943 751 997 802 in
1028 765 1226 803 terram
1257 744 1600 824 prostratum,

294 823 543 883 manibus
572 823 804 904 pedibus
836 848 899 883 ue
931 827 1183 883 reuinctis
1213 823 1504 883 transuerso
1533 827 1604 882 li-

295 927 412 987 gno
430 905 678 988 alligabat
698 906 775 976 (id
793 929 820 963 a
873 904 1124 984 Hispanis
1144 909 1251 963 Lex
1273 909 1489 963 Baionae
1508 927 1604 985 ap-

292 987 702 1066 pellatur‚quam
721 986 969 1066 equidem
986 989 1164 1067 legem
1183 986 1248 1043 ab
1266 993 1491 1044 immani
1507 989 1604 1044 ali-

235 1130 238 1134 *
268 1129 273 1138 Δ
290 1087 404 1146 quo
421 1065 669 1124 daemone
682 1063 924 1145 scriptam
944 1067 1295 1133 crediderim)
1322 1065 1604 1125 mox-peste

291 1164 381 1206 aut
397 1146 584 1205 scutica
612 1145 860 1227 tantisper
892 1146 1158 1212 caedebat,
1192 1147 1368 1205 donec
1398 1143 1605 1230 sanguis

292 1250 356 1285 ex
372 1233 527 1285 omni
543 1234 782 1306 corporis
802 1247 949 1305 parte
968 1227 1243 1286 deflueret.
1263 1226 1369 1285 Sub
1399 1226 1506 1285 haec
1522 1230 1589 1299 lif

289 1307 444 1365 bram
460 1330 621 1367 vnam
640 1313 768 1386 picis
797 1303 1090 1374 feruefaftae
1108 1326 1195 1366 aut
1213 1310 1317 1364 olei
1334 1303 1597 1371 feruentis·

289 1387 555 1450 scutellam
572 1411 733 1447 Vnam
752 1395 1002 1470 guttatim
1022 1394 1078 1447 in
1108 1384 1408 1449 Vniuersum
1427 1385 1602 1447 miseri

290 1490 488 1547 corpus
503 1467 801 1534 instillabat.
838 1470 964 1528 inde
991 1476 1176 1549 pipere
1193 1474 1365 1548 patrio
1384 1507 1402 1533 ‚
1435 1466 1532 1527 sale
1550 1476 1606 1529 δε

288 1571 422 1630 aqua
436 1567 740 1628 temperato
757 1591 774 1616 ,
791 1546 1021 1630 perfusus
1039 1544 1216 1615 infelix
1237 1547 1505 1630 mastigia,
1520 1568 1604 1609 taff

288 1629 426 1688 bulae
443 1631 593 1690 alicui
609 1627 936 1710 superiaccns
956 1670 972 1696 ‚
1005 1638 1058 1689 &
1078 1631 1249 1688 linteo
1268 1648 1355 1693 aut
1373 1627 1605 1711 stragulo

289 1713 564 1770 inuolutus
583 1756 598 1779 ‚
631 1712 835 1771 tamdiu
866 1708 1260 1791 relinquebatur
1291 1711 1470 1794 quoad
1500 1710 1607 1792 ipsi

289 1790 426 1850 hero
442 1791 592 1850 reddi
606 1791 876 1849 laboribus
893 1787 1041 1870 poffe
1054 1791 1337 1850 videretur.

358 1877 412 1930 A
434 1894 468 1929 L
496 1894 516 1930 1
545 1894 566 1929 1
600 1869 786 1930 scrobe
815 1870 991 1930 effofl'a
1009 1912 1026 1938 ‚
1056 1878 1384 1950 mancipium
1405 1870 1472 1929 eo
1489 1888 1602 1929 tam

292 1953 395 2012 alte
426 1952 718 2010 demittunt
748 1971 809 2011 vt
834 1952 948 2011 solo
981 1957 1149 2031 capite
1187 1952 1251 2010 ab
1268 1971 1409 2010 terra
1423 1951 1605 2018 exstet,

290 2041 348 2094 δι
363 2051 539 2092 totam
555 2033 628 2090 ibi
645 2036 872 2092 noctem
892 2032 1174 2092 consistere
1192 2051 1415 2113 cogunt.
1456 2051 1606 2092 cete÷

290 2113 413 2174 rum
432 2137 490 2172 ea
504 2112 554 2172 se
572 2114 834 2172 medicina
852 2120 929 2173 vti
950 2115 1131 2173 dicunt
1160 2112 1417 2191 Hispani,
1454 2112 1606 2193 quod

288 2213 433 2254 terra
446 2193 670 2254 liuidum
700 2202 1084 2276 &corruptum
1112 2193 1423 2274 sanguinem
1459 2192 1606 2252 exsu-

292 2298 427 2358 gens
442 2314 460 2340 ‚
489 2274 778 2334 verberum
798 2279 1017 2335 vulnera
1033 2282 1086 2334 &
1105 2273 1309 2335 vibices
1328 2273 1604 2342 obliterat,

291 2353 617 2435 carnemque
661 2353 975 2416 conseruans
1005 2378 1180 2436 nequa
1208 2355 1362 2436 plaga
1393 2357 1603 2413 Vlcere-

289 2455 380 2494 tur
395 2476 412 2500 ,
431 2438 649 2495 celerius
667 2433 923 2516 persanat.
967 2443 1230 2496 Attamen
1247 2434 1403 2514 siquis
1439 2434 1603 2493 vehe-

292 2521 498 2575 mentia
515 2516 716 2575 doloris
732 2512 872 2578 forte
889 2523 1146 2577 moriatur
1164 2528 1184 2587 (
1201 2535 1260 2575 vt
1275 2512 1602 2593 saepenume-

290 2618 356 2654 ro
373 2597 580 2663 accidit)
601 2619 717 2654 non
741 2600 835 2656 alia
849 2621 1013 2678 poena
1029 2600 1282 2656 multatur
1312 2602 1418 2653 eius
1449 2594 1606 2653 herus

291 2676 576 2758 exlegibus
605 2675 871 2758 Hispaniae
902 2680 1065 2763 qutun
1089 2697 1147 2739 vt
1175 2699 1277 2759 pro
1295 2699 1361 2736 eo
1379 2678 1605 2737 alterum

291 2760 436 2843 Regi
451 2754 730 2840 persoluat.

1442 2842 1464 2851 ‘
1479 2838 1540 2899 O
1562 2858 1595 2895 B
